%YAML 1.1
%TAG !u! tag:unity3d.com,2011:
--- !u!29 &1
OcclusionCullingSettings:
  m_ObjectHideFlags: 0
  serializedVersion: 2
  m_OcclusionBakeSettings:
    smallestOccluder: 5
    smallestHole: 0.25
    backfaceThreshold: 100
  m_SceneGUID: 00000000000000000000000000000000
  m_OcclusionCullingData: {fileID: 0}
--- !u!104 &2
RenderSettings:
  m_ObjectHideFlags: 0
  serializedVersion: 9
  m_Fog: 0
  m_FogColor: {r: 0.5, g: 0.5, b: 0.5, a: 1}
  m_FogMode: 3
  m_FogDensity: 0.01
  m_LinearFogStart: 0
  m_LinearFogEnd: 300
  m_AmbientSkyColor: {r: 0.212, g: 0.227, b: 0.259, a: 1}
  m_AmbientEquatorColor: {r: 0.114, g: 0.125, b: 0.133, a: 1}
  m_AmbientGroundColor: {r: 0.047, g: 0.043, b: 0.035, a: 1}
  m_AmbientIntensity: 1
  m_AmbientMode: 0
  m_SubtractiveShadowColor: {r: 0.42, g: 0.478, b: 0.627, a: 1}
  m_SkyboxMaterial: {fileID: 10304, guid: 0000000000000000f000000000000000, type: 0}
  m_HaloStrength: 0.5
  m_FlareStrength: 1
  m_FlareFadeSpeed: 3
  m_HaloTexture: {fileID: 0}
  m_SpotCookie: {fileID: 10001, guid: 0000000000000000e000000000000000, type: 0}
  m_DefaultReflectionMode: 0
  m_DefaultReflectionResolution: 128
  m_ReflectionBounces: 1
  m_ReflectionIntensity: 1
  m_CustomReflection: {fileID: 0}
  m_Sun: {fileID: 0}
  m_IndirectSpecularColor: {r: 0.12731749, g: 0.13414757, b: 0.1210787, a: 1}
  m_UseRadianceAmbientProbe: 0
--- !u!157 &3
LightmapSettings:
  m_ObjectHideFlags: 0
  serializedVersion: 12
  m_GIWorkflowMode: 1
  m_GISettings:
    serializedVersion: 2
    m_BounceScale: 1
    m_IndirectOutputScale: 1
    m_AlbedoBoost: 1
    m_EnvironmentLightingMode: 0
    m_EnableBakedLightmaps: 1
    m_EnableRealtimeLightmaps: 0
  m_LightmapEditorSettings:
    serializedVersion: 12
    m_Resolution: 2
    m_BakeResolution: 40
    m_AtlasSize: 1024
    m_AO: 0
    m_AOMaxDistance: 1
    m_CompAOExponent: 1
    m_CompAOExponentDirect: 0
    m_ExtractAmbientOcclusion: 0
    m_Padding: 2
    m_LightmapParameters: {fileID: 0}
    m_LightmapsBakeMode: 1
    m_TextureCompression: 1
    m_FinalGather: 0
    m_FinalGatherFiltering: 1
    m_FinalGatherRayCount: 256
    m_ReflectionCompression: 2
    m_MixedBakeMode: 2
    m_BakeBackend: 1
    m_PVRSampling: 1
    m_PVRDirectSampleCount: 32
    m_PVRSampleCount: 512
    m_PVRBounces: 2
    m_PVREnvironmentSampleCount: 256
    m_PVREnvironmentReferencePointCount: 2048
    m_PVRFilteringMode: 1
    m_PVRDenoiserTypeDirect: 1
    m_PVRDenoiserTypeIndirect: 1
    m_PVRDenoiserTypeAO: 1
    m_PVRFilterTypeDirect: 0
    m_PVRFilterTypeIndirect: 0
    m_PVRFilterTypeAO: 0
    m_PVREnvironmentMIS: 1
    m_PVRCulling: 1
    m_PVRFilteringGaussRadiusDirect: 1
    m_PVRFilteringGaussRadiusIndirect: 5
    m_PVRFilteringGaussRadiusAO: 2
    m_PVRFilteringAtrousPositionSigmaDirect: 0.5
    m_PVRFilteringAtrousPositionSigmaIndirect: 2
    m_PVRFilteringAtrousPositionSigmaAO: 1
    m_ExportTrainingData: 0
    m_TrainingDataDestination: TrainingData
    m_LightProbeSampleCountMultiplier: 4
  m_LightingDataAsset: {fileID: 0}
  m_LightingSettings: {fileID: 0}
--- !u!196 &4
NavMeshSettings:
  serializedVersion: 2
  m_ObjectHideFlags: 0
  m_BuildSettings:
    serializedVersion: 2
    agentTypeID: 0
    agentRadius: 0.5
    agentHeight: 2
    agentSlope: 45
    agentClimb: 0.4
    ledgeDropHeight: 0
    maxJumpAcrossDistance: 0
    minRegionArea: 2
    manualCellSize: 0
    cellSize: 0.16666667
    manualTileSize: 0
    tileSize: 256
    accuratePlacement: 0
    maxJobWorkers: 0
    preserveTilesOutsideBounds: 0
    debug:
      m_Flags: 0
  m_NavMeshData: {fileID: 0}
--- !u!224 &112852319 stripped
RectTransform:
  m_CorrespondingSourceObject: {fileID: 5191438123925887788, guid: 87828d32ba1117d448b2dff47759daa4,
    type: 3}
  m_PrefabInstance: {fileID: 5191438124143949169}
  m_PrefabAsset: {fileID: 0}
--- !u!1 &275941691
GameObject:
  m_ObjectHideFlags: 0
  m_CorrespondingSourceObject: {fileID: 0}
  m_PrefabInstance: {fileID: 0}
  m_PrefabAsset: {fileID: 0}
  serializedVersion: 6
  m_Component:
  - component: {fileID: 275941692}
  - component: {fileID: 275941693}
  m_Layer: 0
  m_Name: pared (5)
  m_TagString: Untagged
  m_Icon: {fileID: 0}
  m_NavMeshLayer: 0
  m_StaticEditorFlags: 0
  m_IsActive: 1
--- !u!4 &275941692
Transform:
  m_ObjectHideFlags: 0
  m_CorrespondingSourceObject: {fileID: 0}
  m_PrefabInstance: {fileID: 0}
  m_PrefabAsset: {fileID: 0}
  m_GameObject: {fileID: 275941691}
  m_LocalRotation: {x: -0, y: -0, z: -0.7071068, w: 0.7071068}
  m_LocalPosition: {x: 2.6983721, y: -0.31764507, z: -1.3043633}
  m_LocalScale: {x: 1, y: 1, z: 1}
  m_ConstrainProportionsScale: 0
  m_Children: []
  m_Father: {fileID: 889962014}
  m_RootOrder: 7
  m_LocalEulerAnglesHint: {x: 0, y: 0, z: -90}
--- !u!212 &275941693
SpriteRenderer:
  m_ObjectHideFlags: 0
  m_CorrespondingSourceObject: {fileID: 0}
  m_PrefabInstance: {fileID: 0}
  m_PrefabAsset: {fileID: 0}
  m_GameObject: {fileID: 275941691}
  m_Enabled: 1
  m_CastShadows: 0
  m_ReceiveShadows: 0
  m_DynamicOccludee: 1
  m_StaticShadowCaster: 0
  m_MotionVectors: 1
  m_LightProbeUsage: 1
  m_ReflectionProbeUsage: 1
  m_RayTracingMode: 0
  m_RayTraceProcedural: 0
  m_RenderingLayerMask: 1
  m_RendererPriority: 0
  m_Materials:
  - {fileID: 2100000, guid: a97c105638bdf8b4a8650670310a4cd3, type: 2}
  m_StaticBatchInfo:
    firstSubMesh: 0
    subMeshCount: 0
  m_StaticBatchRoot: {fileID: 0}
  m_ProbeAnchor: {fileID: 0}
  m_LightProbeVolumeOverride: {fileID: 0}
  m_ScaleInLightmap: 1
  m_ReceiveGI: 1
  m_PreserveUVs: 0
  m_IgnoreNormalsForChartDetection: 0
  m_ImportantGI: 0
  m_StitchLightmapSeams: 1
  m_SelectedEditorRenderState: 0
  m_MinimumChartSize: 4
  m_AutoUVMaxDistance: 0.5
  m_AutoUVMaxAngle: 89
  m_LightmapParameters: {fileID: 0}
  m_SortingLayerID: 0
  m_SortingLayer: 0
  m_SortingOrder: 0
  m_Sprite: {fileID: 21300000, guid: 8d192340f26545c49b18bf9d01b9ed4b, type: 3}
  m_Color: {r: 1, g: 1, b: 1, a: 1}
  m_FlipX: 0
  m_FlipY: 0
  m_DrawMode: 0
  m_Size: {x: 1.125, y: 1}
  m_AdaptiveModeThreshold: 0.5
  m_SpriteTileMode: 0
  m_WasSpriteAssigned: 1
  m_MaskInteraction: 0
  m_SpriteSortPoint: 0
--- !u!1 &340034148
GameObject:
  m_ObjectHideFlags: 0
  m_CorrespondingSourceObject: {fileID: 0}
  m_PrefabInstance: {fileID: 0}
  m_PrefabAsset: {fileID: 0}
  serializedVersion: 6
  m_Component:
  - component: {fileID: 340034149}
  m_Layer: 0
  m_Name: ---UI---
  m_TagString: Untagged
  m_Icon: {fileID: 0}
  m_NavMeshLayer: 0
  m_StaticEditorFlags: 0
  m_IsActive: 1
--- !u!4 &340034149
Transform:
  m_ObjectHideFlags: 0
  m_CorrespondingSourceObject: {fileID: 0}
  m_PrefabInstance: {fileID: 0}
  m_PrefabAsset: {fileID: 0}
  m_GameObject: {fileID: 340034148}
  m_LocalRotation: {x: 0, y: 0, z: 0, w: 1}
  m_LocalPosition: {x: 3.9692352, y: 0.14861691, z: -1.8425584}
  m_LocalScale: {x: 1, y: 1, z: 1}
  m_ConstrainProportionsScale: 0
  m_Children:
  - {fileID: 786314849}
  - {fileID: 112852319}
  - {fileID: 1181460256}
  m_Father: {fileID: 0}
  m_RootOrder: 6
  m_LocalEulerAnglesHint: {x: 0, y: 0, z: 0}
--- !u!114 &443972531 stripped
MonoBehaviour:
  m_CorrespondingSourceObject: {fileID: 4560604872720201028, guid: bb33b70ef44c77d449fd845fae9e590f,
    type: 3}
  m_PrefabInstance: {fileID: 4560604871739211362}
  m_PrefabAsset: {fileID: 0}
  m_GameObject: {fileID: 0}
  m_Enabled: 1
  m_EditorHideFlags: 0
  m_Script: {fileID: 11500000, guid: 80939b02f119ff44e9bef5fa0f39cf72, type: 3}
  m_Name: 
  m_EditorClassIdentifier: 
--- !u!114 &443972533 stripped
MonoBehaviour:
  m_CorrespondingSourceObject: {fileID: 4560604872720201024, guid: bb33b70ef44c77d449fd845fae9e590f,
    type: 3}
  m_PrefabInstance: {fileID: 4560604871739211362}
  m_PrefabAsset: {fileID: 0}
  m_GameObject: {fileID: 0}
  m_Enabled: 1
  m_EditorHideFlags: 0
  m_Script: {fileID: 11500000, guid: de66f66b7eb71ce45baf8da4871ef551, type: 3}
  m_Name: 
  m_EditorClassIdentifier: 
--- !u!1001 &527898416
PrefabInstance:
  m_ObjectHideFlags: 0
  serializedVersion: 2
  m_Modification:
    m_TransformParent: {fileID: 0}
    m_Modifications:
    - target: {fileID: 4724365434764576890, guid: afef332a792ed5241a19d0f3f94cf389,
        type: 3}
      propertyPath: m_Name
      value: 'Transition '
      objectReference: {fileID: 0}
    - target: {fileID: 4724365434764576891, guid: afef332a792ed5241a19d0f3f94cf389,
        type: 3}
      propertyPath: m_RootOrder
      value: 9
      objectReference: {fileID: 0}
    - target: {fileID: 4724365434764576891, guid: afef332a792ed5241a19d0f3f94cf389,
        type: 3}
      propertyPath: m_LocalPosition.x
      value: 43.3
      objectReference: {fileID: 0}
    - target: {fileID: 4724365434764576891, guid: afef332a792ed5241a19d0f3f94cf389,
        type: 3}
      propertyPath: m_LocalPosition.y
      value: 3.6782
      objectReference: {fileID: 0}
    - target: {fileID: 4724365434764576891, guid: afef332a792ed5241a19d0f3f94cf389,
        type: 3}
      propertyPath: m_LocalPosition.z
      value: -2.9335876
      objectReference: {fileID: 0}
    - target: {fileID: 4724365434764576891, guid: afef332a792ed5241a19d0f3f94cf389,
        type: 3}
      propertyPath: m_LocalRotation.w
      value: 1
      objectReference: {fileID: 0}
    - target: {fileID: 4724365434764576891, guid: afef332a792ed5241a19d0f3f94cf389,
        type: 3}
      propertyPath: m_LocalRotation.x
      value: 0
      objectReference: {fileID: 0}
    - target: {fileID: 4724365434764576891, guid: afef332a792ed5241a19d0f3f94cf389,
        type: 3}
      propertyPath: m_LocalRotation.y
      value: 0
      objectReference: {fileID: 0}
    - target: {fileID: 4724365434764576891, guid: afef332a792ed5241a19d0f3f94cf389,
        type: 3}
      propertyPath: m_LocalRotation.z
      value: 0
      objectReference: {fileID: 0}
    - target: {fileID: 4724365434764576891, guid: afef332a792ed5241a19d0f3f94cf389,
        type: 3}
      propertyPath: m_LocalEulerAnglesHint.x
      value: 0
      objectReference: {fileID: 0}
    - target: {fileID: 4724365434764576891, guid: afef332a792ed5241a19d0f3f94cf389,
        type: 3}
      propertyPath: m_LocalEulerAnglesHint.y
      value: 0
      objectReference: {fileID: 0}
    - target: {fileID: 4724365434764576891, guid: afef332a792ed5241a19d0f3f94cf389,
        type: 3}
      propertyPath: m_LocalEulerAnglesHint.z
      value: 0
      objectReference: {fileID: 0}
    m_RemovedComponents: []
  m_SourcePrefab: {fileID: 100100000, guid: afef332a792ed5241a19d0f3f94cf389, type: 3}
--- !u!1 &527898417 stripped
GameObject:
  m_CorrespondingSourceObject: {fileID: 4724365434764576890, guid: afef332a792ed5241a19d0f3f94cf389,
    type: 3}
  m_PrefabInstance: {fileID: 527898416}
  m_PrefabAsset: {fileID: 0}
--- !u!1 &545988848
GameObject:
  m_ObjectHideFlags: 0
  m_CorrespondingSourceObject: {fileID: 0}
  m_PrefabInstance: {fileID: 0}
  m_PrefabAsset: {fileID: 0}
  serializedVersion: 6
  m_Component:
  - component: {fileID: 545988850}
  - component: {fileID: 545988849}
  m_Layer: 0
  m_Name: Text
  m_TagString: Untagged
  m_Icon: {fileID: 0}
  m_NavMeshLayer: 0
  m_StaticEditorFlags: 0
  m_IsActive: 1
--- !u!212 &545988849
SpriteRenderer:
  m_ObjectHideFlags: 0
  m_CorrespondingSourceObject: {fileID: 0}
  m_PrefabInstance: {fileID: 0}
  m_PrefabAsset: {fileID: 0}
  m_GameObject: {fileID: 545988848}
  m_Enabled: 1
  m_CastShadows: 0
  m_ReceiveShadows: 0
  m_DynamicOccludee: 1
  m_StaticShadowCaster: 0
  m_MotionVectors: 1
  m_LightProbeUsage: 1
  m_ReflectionProbeUsage: 1
  m_RayTracingMode: 0
  m_RayTraceProcedural: 0
  m_RenderingLayerMask: 1
  m_RendererPriority: 0
  m_Materials:
  - {fileID: 2100000, guid: a97c105638bdf8b4a8650670310a4cd3, type: 2}
  m_StaticBatchInfo:
    firstSubMesh: 0
    subMeshCount: 0
  m_StaticBatchRoot: {fileID: 0}
  m_ProbeAnchor: {fileID: 0}
  m_LightProbeVolumeOverride: {fileID: 0}
  m_ScaleInLightmap: 1
  m_ReceiveGI: 1
  m_PreserveUVs: 0
  m_IgnoreNormalsForChartDetection: 0
  m_ImportantGI: 0
  m_StitchLightmapSeams: 1
  m_SelectedEditorRenderState: 0
  m_MinimumChartSize: 4
  m_AutoUVMaxDistance: 0.5
  m_AutoUVMaxAngle: 89
  m_LightmapParameters: {fileID: 0}
  m_SortingLayerID: 0
  m_SortingLayer: 0
  m_SortingOrder: 0
  m_Sprite: {fileID: 21300000, guid: 80ae186b5c6dfa840824e539c8e59843, type: 3}
  m_Color: {r: 1, g: 1, b: 1, a: 1}
  m_FlipX: 0
  m_FlipY: 0
  m_DrawMode: 0
  m_Size: {x: 1.21, y: 0.76}
  m_AdaptiveModeThreshold: 0.5
  m_SpriteTileMode: 0
  m_WasSpriteAssigned: 1
  m_MaskInteraction: 0
  m_SpriteSortPoint: 0
--- !u!4 &545988850
Transform:
  m_ObjectHideFlags: 0
  m_CorrespondingSourceObject: {fileID: 0}
  m_PrefabInstance: {fileID: 0}
  m_PrefabAsset: {fileID: 0}
  m_GameObject: {fileID: 545988848}
  m_LocalRotation: {x: 0, y: 0, z: 0, w: 1}
  m_LocalPosition: {x: 42.805, y: 4.885, z: -0.4}
  m_LocalScale: {x: 0.3456474, y: 0.3456474, z: 0.3456474}
  m_ConstrainProportionsScale: 0
  m_Children: []
  m_Father: {fileID: 0}
  m_RootOrder: 8
  m_LocalEulerAnglesHint: {x: 0, y: 0, z: 0}
--- !u!1 &596548707
GameObject:
  m_ObjectHideFlags: 0
  m_CorrespondingSourceObject: {fileID: 0}
  m_PrefabInstance: {fileID: 0}
  m_PrefabAsset: {fileID: 0}
  serializedVersion: 6
  m_Component:
  - component: {fileID: 596548710}
  - component: {fileID: 596548709}
  - component: {fileID: 596548708}
  m_Layer: 0
  m_Name: Text (TMP)
  m_TagString: Untagged
  m_Icon: {fileID: 0}
  m_NavMeshLayer: 0
  m_StaticEditorFlags: 0
  m_IsActive: 1
--- !u!114 &596548708
MonoBehaviour:
  m_ObjectHideFlags: 0
  m_CorrespondingSourceObject: {fileID: 0}
  m_PrefabInstance: {fileID: 0}
  m_PrefabAsset: {fileID: 0}
  m_GameObject: {fileID: 596548707}
  m_Enabled: 1
  m_EditorHideFlags: 0
  m_Script: {fileID: 11500000, guid: 9541d86e2fd84c1d9990edf0852d74ab, type: 3}
  m_Name: 
  m_EditorClassIdentifier: 
  m_Material: {fileID: 0}
  m_Color: {r: 1, g: 1, b: 1, a: 1}
  m_RaycastTarget: 1
  m_RaycastPadding: {x: 0, y: 0, z: 0, w: 0}
  m_Maskable: 1
  m_OnCullStateChanged:
    m_PersistentCalls:
      m_Calls: []
  m_text: ----
  m_isRightToLeft: 0
  m_fontAsset: {fileID: 11400000, guid: 3abb735fd4919b64883d9a4d9e9c5141, type: 2}
  m_sharedMaterial: {fileID: -8205731002512558021, guid: 3abb735fd4919b64883d9a4d9e9c5141,
    type: 2}
  m_fontSharedMaterials: []
  m_fontMaterial: {fileID: 0}
  m_fontMaterials: []
  m_fontColor32:
    serializedVersion: 2
    rgba: 4294967295
  m_fontColor: {r: 1, g: 1, b: 1, a: 1}
  m_enableVertexGradient: 0
  m_colorMode: 3
  m_fontColorGradient:
    topLeft: {r: 1, g: 1, b: 1, a: 1}
    topRight: {r: 1, g: 1, b: 1, a: 1}
    bottomLeft: {r: 1, g: 1, b: 1, a: 1}
    bottomRight: {r: 1, g: 1, b: 1, a: 1}
  m_fontColorGradientPreset: {fileID: 0}
  m_spriteAsset: {fileID: 0}
  m_tintAllSprites: 0
  m_StyleSheet: {fileID: 0}
  m_TextStyleHashCode: -1183493901
  m_overrideHtmlColors: 0
  m_faceColor:
    serializedVersion: 2
    rgba: 4294967295
  m_fontSize: 10
  m_fontSizeBase: 10
  m_fontWeight: 400
  m_enableAutoSizing: 0
  m_fontSizeMin: 18
  m_fontSizeMax: 72
  m_fontStyle: 0
  m_HorizontalAlignment: 2
  m_VerticalAlignment: 256
  m_textAlignment: 65535
  m_characterSpacing: 15
  m_wordSpacing: 0
  m_lineSpacing: 0
  m_lineSpacingMax: 0
  m_paragraphSpacing: 0
  m_charWidthMaxAdj: 0
  m_enableWordWrapping: 1
  m_wordWrappingRatios: 0.4
  m_overflowMode: 0
  m_linkedTextComponent: {fileID: 0}
  parentLinkedComponent: {fileID: 0}
  m_enableKerning: 1
  m_enableExtraPadding: 0
  checkPaddingRequired: 0
  m_isRichText: 1
  m_parseCtrlCharacters: 1
  m_isOrthographic: 0
  m_isCullingEnabled: 0
  m_horizontalMapping: 0
  m_verticalMapping: 0
  m_uvLineOffset: 0
  m_geometrySortingOrder: 0
  m_IsTextObjectScaleStatic: 0
  m_VertexBufferAutoSizeReduction: 0
  m_useMaxVisibleDescender: 1
  m_pageToDisplay: 1
  m_margin: {x: 0, y: 0, z: 0, w: 0}
  m_isUsingLegacyAnimationComponent: 0
  m_isVolumetricText: 0
  _SortingLayer: 0
  _SortingLayerID: 0
  _SortingOrder: 0
  m_hasFontAssetChanged: 0
  m_renderer: {fileID: 596548709}
  m_maskType: 0
--- !u!23 &596548709
MeshRenderer:
  m_ObjectHideFlags: 0
  m_CorrespondingSourceObject: {fileID: 0}
  m_PrefabInstance: {fileID: 0}
  m_PrefabAsset: {fileID: 0}
  m_GameObject: {fileID: 596548707}
  m_Enabled: 1
  m_CastShadows: 0
  m_ReceiveShadows: 0
  m_DynamicOccludee: 1
  m_StaticShadowCaster: 0
  m_MotionVectors: 1
  m_LightProbeUsage: 1
  m_ReflectionProbeUsage: 1
  m_RayTracingMode: 2
  m_RayTraceProcedural: 0
  m_RenderingLayerMask: 1
  m_RendererPriority: 0
  m_Materials:
  - {fileID: -8205731002512558021, guid: 3abb735fd4919b64883d9a4d9e9c5141, type: 2}
  m_StaticBatchInfo:
    firstSubMesh: 0
    subMeshCount: 0
  m_StaticBatchRoot: {fileID: 0}
  m_ProbeAnchor: {fileID: 0}
  m_LightProbeVolumeOverride: {fileID: 0}
  m_ScaleInLightmap: 1
  m_ReceiveGI: 1
  m_PreserveUVs: 0
  m_IgnoreNormalsForChartDetection: 0
  m_ImportantGI: 0
  m_StitchLightmapSeams: 1
  m_SelectedEditorRenderState: 3
  m_MinimumChartSize: 4
  m_AutoUVMaxDistance: 0.5
  m_AutoUVMaxAngle: 89
  m_LightmapParameters: {fileID: 0}
  m_SortingLayerID: 0
  m_SortingLayer: 0
  m_SortingOrder: 0
  m_AdditionalVertexStreams: {fileID: 0}
--- !u!224 &596548710
RectTransform:
  m_ObjectHideFlags: 0
  m_CorrespondingSourceObject: {fileID: 0}
  m_PrefabInstance: {fileID: 0}
  m_PrefabAsset: {fileID: 0}
  m_GameObject: {fileID: 596548707}
  m_LocalRotation: {x: -0, y: -0, z: -0, w: 1}
  m_LocalPosition: {x: 0, y: 0, z: -0.87255836}
  m_LocalScale: {x: 1, y: 1, z: 1}
  m_ConstrainProportionsScale: 0
  m_Children: []
  m_Father: {fileID: 1181460256}
  m_RootOrder: 1
  m_LocalEulerAnglesHint: {x: 0, y: 0, z: 0}
  m_AnchorMin: {x: 0.5, y: 0.5}
  m_AnchorMax: {x: 0.5, y: 0.5}
  m_AnchoredPosition: {x: -347.38, y: -186.77}
  m_SizeDelta: {x: 2.9007, y: 1.3239}
  m_Pivot: {x: 0.5, y: 0.5}
--- !u!1 &641373772
GameObject:
  m_ObjectHideFlags: 0
  m_CorrespondingSourceObject: {fileID: 0}
  m_PrefabInstance: {fileID: 0}
  m_PrefabAsset: {fileID: 0}
  serializedVersion: 6
  m_Component:
  - component: {fileID: 641373774}
  - component: {fileID: 641373773}
  m_Layer: 0
  m_Name: Password
  m_TagString: Untagged
  m_Icon: {fileID: 0}
  m_NavMeshLayer: 0
  m_StaticEditorFlags: 0
  m_IsActive: 1
--- !u!212 &641373773
SpriteRenderer:
  m_ObjectHideFlags: 0
  m_CorrespondingSourceObject: {fileID: 0}
  m_PrefabInstance: {fileID: 0}
  m_PrefabAsset: {fileID: 0}
  m_GameObject: {fileID: 641373772}
  m_Enabled: 1
  m_CastShadows: 0
  m_ReceiveShadows: 0
  m_DynamicOccludee: 1
  m_StaticShadowCaster: 0
  m_MotionVectors: 1
  m_LightProbeUsage: 1
  m_ReflectionProbeUsage: 1
  m_RayTracingMode: 0
  m_RayTraceProcedural: 0
  m_RenderingLayerMask: 1
  m_RendererPriority: 0
  m_Materials:
  - {fileID: 10754, guid: 0000000000000000f000000000000000, type: 0}
  m_StaticBatchInfo:
    firstSubMesh: 0
    subMeshCount: 0
  m_StaticBatchRoot: {fileID: 0}
  m_ProbeAnchor: {fileID: 0}
  m_LightProbeVolumeOverride: {fileID: 0}
  m_ScaleInLightmap: 1
  m_ReceiveGI: 1
  m_PreserveUVs: 0
  m_IgnoreNormalsForChartDetection: 0
  m_ImportantGI: 0
  m_StitchLightmapSeams: 1
  m_SelectedEditorRenderState: 0
  m_MinimumChartSize: 4
  m_AutoUVMaxDistance: 0.5
  m_AutoUVMaxAngle: 89
  m_LightmapParameters: {fileID: 0}
  m_SortingLayerID: 0
  m_SortingLayer: 0
  m_SortingOrder: 0
  m_Sprite: {fileID: 21300000, guid: 80ae186b5c6dfa840824e539c8e59843, type: 3}
  m_Color: {r: 1, g: 1, b: 1, a: 1}
  m_FlipX: 0
  m_FlipY: 0
  m_DrawMode: 0
  m_Size: {x: 4.85, y: 2.88}
  m_AdaptiveModeThreshold: 0.5
  m_SpriteTileMode: 0
  m_WasSpriteAssigned: 1
  m_MaskInteraction: 0
  m_SpriteSortPoint: 0
--- !u!4 &641373774
Transform:
  m_ObjectHideFlags: 0
  m_CorrespondingSourceObject: {fileID: 0}
  m_PrefabInstance: {fileID: 0}
  m_PrefabAsset: {fileID: 0}
  m_GameObject: {fileID: 641373772}
  m_LocalRotation: {x: -0, y: -0, z: -0, w: 1}
  m_LocalPosition: {x: -2.02, y: 3.1963634, z: 1.8302035}
  m_LocalScale: {x: 0.10026662, y: 0.10026662, z: 0.10026662}
  m_ConstrainProportionsScale: 0
  m_Children: []
  m_Father: {fileID: 0}
  m_RootOrder: 7
  m_LocalEulerAnglesHint: {x: 0, y: 0, z: 0}
--- !u!1 &786314846
GameObject:
  m_ObjectHideFlags: 0
  m_CorrespondingSourceObject: {fileID: 0}
  m_PrefabInstance: {fileID: 0}
  m_PrefabAsset: {fileID: 0}
  serializedVersion: 6
  m_Component:
  - component: {fileID: 786314849}
  - component: {fileID: 786314848}
  - component: {fileID: 786314847}
  m_Layer: 0
  m_Name: EventSystem
  m_TagString: Untagged
  m_Icon: {fileID: 0}
  m_NavMeshLayer: 0
  m_StaticEditorFlags: 0
  m_IsActive: 1
--- !u!114 &786314847
MonoBehaviour:
  m_ObjectHideFlags: 0
  m_CorrespondingSourceObject: {fileID: 0}
  m_PrefabInstance: {fileID: 0}
  m_PrefabAsset: {fileID: 0}
  m_GameObject: {fileID: 786314846}
  m_Enabled: 1
  m_EditorHideFlags: 0
  m_Script: {fileID: 11500000, guid: 4f231c4fb786f3946a6b90b886c48677, type: 3}
  m_Name: 
  m_EditorClassIdentifier: 
  m_SendPointerHoverToParent: 1
  m_HorizontalAxis: Horizontal
  m_VerticalAxis: Vertical
  m_SubmitButton: Submit
  m_CancelButton: Cancel
  m_InputActionsPerSecond: 10
  m_RepeatDelay: 0.5
  m_ForceModuleActive: 0
--- !u!114 &786314848
MonoBehaviour:
  m_ObjectHideFlags: 0
  m_CorrespondingSourceObject: {fileID: 0}
  m_PrefabInstance: {fileID: 0}
  m_PrefabAsset: {fileID: 0}
  m_GameObject: {fileID: 786314846}
  m_Enabled: 1
  m_EditorHideFlags: 0
  m_Script: {fileID: 11500000, guid: 76c392e42b5098c458856cdf6ecaaaa1, type: 3}
  m_Name: 
  m_EditorClassIdentifier: 
  m_FirstSelected: {fileID: 0}
  m_sendNavigationEvents: 1
  m_DragThreshold: 10
--- !u!4 &786314849
Transform:
  m_ObjectHideFlags: 0
  m_CorrespondingSourceObject: {fileID: 0}
  m_PrefabInstance: {fileID: 0}
  m_PrefabAsset: {fileID: 0}
  m_GameObject: {fileID: 786314846}
  m_LocalRotation: {x: -0, y: -0, z: -0, w: 1}
  m_LocalPosition: {x: -3.9692352, y: -0.14861691, z: 1.8425584}
  m_LocalScale: {x: 1, y: 1, z: 1}
  m_ConstrainProportionsScale: 0
  m_Children: []
  m_Father: {fileID: 340034149}
  m_RootOrder: 0
  m_LocalEulerAnglesHint: {x: 0, y: 0, z: 0}
--- !u!1 &858461613
GameObject:
  m_ObjectHideFlags: 0
  m_CorrespondingSourceObject: {fileID: 0}
  m_PrefabInstance: {fileID: 0}
  m_PrefabAsset: {fileID: 0}
  serializedVersion: 6
  m_Component:
  - component: {fileID: 858461614}
  - component: {fileID: 858461615}
  m_Layer: 0
  m_Name: pared (8)
  m_TagString: Untagged
  m_Icon: {fileID: 0}
  m_NavMeshLayer: 0
  m_StaticEditorFlags: 0
  m_IsActive: 1
--- !u!4 &858461614
Transform:
  m_ObjectHideFlags: 0
  m_CorrespondingSourceObject: {fileID: 0}
  m_PrefabInstance: {fileID: 0}
  m_PrefabAsset: {fileID: 0}
  m_GameObject: {fileID: 858461613}
  m_LocalRotation: {x: -0, y: -0, z: -0.7071068, w: 0.7071068}
  m_LocalPosition: {x: 5.6822, y: -0.3176, z: -1.3043633}
  m_LocalScale: {x: 1, y: 0.9676, z: 1}
  m_ConstrainProportionsScale: 0
  m_Children: []
  m_Father: {fileID: 889962014}
  m_RootOrder: 10
  m_LocalEulerAnglesHint: {x: 0, y: 0, z: -90}
--- !u!212 &858461615
SpriteRenderer:
  m_ObjectHideFlags: 0
  m_CorrespondingSourceObject: {fileID: 0}
  m_PrefabInstance: {fileID: 0}
  m_PrefabAsset: {fileID: 0}
  m_GameObject: {fileID: 858461613}
  m_Enabled: 1
  m_CastShadows: 0
  m_ReceiveShadows: 0
  m_DynamicOccludee: 1
  m_StaticShadowCaster: 0
  m_MotionVectors: 1
  m_LightProbeUsage: 1
  m_ReflectionProbeUsage: 1
  m_RayTracingMode: 0
  m_RayTraceProcedural: 0
  m_RenderingLayerMask: 1
  m_RendererPriority: 0
  m_Materials:
  - {fileID: 2100000, guid: a97c105638bdf8b4a8650670310a4cd3, type: 2}
  m_StaticBatchInfo:
    firstSubMesh: 0
    subMeshCount: 0
  m_StaticBatchRoot: {fileID: 0}
  m_ProbeAnchor: {fileID: 0}
  m_LightProbeVolumeOverride: {fileID: 0}
  m_ScaleInLightmap: 1
  m_ReceiveGI: 1
  m_PreserveUVs: 0
  m_IgnoreNormalsForChartDetection: 0
  m_ImportantGI: 0
  m_StitchLightmapSeams: 1
  m_SelectedEditorRenderState: 0
  m_MinimumChartSize: 4
  m_AutoUVMaxDistance: 0.5
  m_AutoUVMaxAngle: 89
  m_LightmapParameters: {fileID: 0}
  m_SortingLayerID: 0
  m_SortingLayer: 0
  m_SortingOrder: 0
  m_Sprite: {fileID: 21300000, guid: 8d192340f26545c49b18bf9d01b9ed4b, type: 3}
  m_Color: {r: 1, g: 1, b: 1, a: 1}
  m_FlipX: 0
  m_FlipY: 0
  m_DrawMode: 0
  m_Size: {x: 1.125, y: 1}
  m_AdaptiveModeThreshold: 0.5
  m_SpriteTileMode: 0
  m_WasSpriteAssigned: 1
  m_MaskInteraction: 0
  m_SpriteSortPoint: 0
--- !u!1001 &877325358
PrefabInstance:
  m_ObjectHideFlags: 0
  serializedVersion: 2
  m_Modification:
    m_TransformParent: {fileID: 0}
    m_Modifications:
    - target: {fileID: 7336194192126415472, guid: 8fe92b799076a274fa1fbc4a0c69eded,
        type: 3}
      propertyPath: m_RootOrder
      value: 0
      objectReference: {fileID: 0}
    - target: {fileID: 7336194192126415472, guid: 8fe92b799076a274fa1fbc4a0c69eded,
        type: 3}
      propertyPath: m_LocalPosition.x
      value: 658.6444
      objectReference: {fileID: 0}
    - target: {fileID: 7336194192126415472, guid: 8fe92b799076a274fa1fbc4a0c69eded,
        type: 3}
      propertyPath: m_LocalPosition.y
      value: 258.08942
      objectReference: {fileID: 0}
    - target: {fileID: 7336194192126415472, guid: 8fe92b799076a274fa1fbc4a0c69eded,
        type: 3}
      propertyPath: m_LocalPosition.z
      value: -1.7349644
      objectReference: {fileID: 0}
    - target: {fileID: 7336194192126415472, guid: 8fe92b799076a274fa1fbc4a0c69eded,
        type: 3}
      propertyPath: m_LocalRotation.w
      value: 1
      objectReference: {fileID: 0}
    - target: {fileID: 7336194192126415472, guid: 8fe92b799076a274fa1fbc4a0c69eded,
        type: 3}
      propertyPath: m_LocalRotation.x
      value: 0
      objectReference: {fileID: 0}
    - target: {fileID: 7336194192126415472, guid: 8fe92b799076a274fa1fbc4a0c69eded,
        type: 3}
      propertyPath: m_LocalRotation.y
      value: 0
      objectReference: {fileID: 0}
    - target: {fileID: 7336194192126415472, guid: 8fe92b799076a274fa1fbc4a0c69eded,
        type: 3}
      propertyPath: m_LocalRotation.z
      value: 0
      objectReference: {fileID: 0}
    - target: {fileID: 7336194192126415472, guid: 8fe92b799076a274fa1fbc4a0c69eded,
        type: 3}
      propertyPath: m_LocalEulerAnglesHint.x
      value: 0
      objectReference: {fileID: 0}
    - target: {fileID: 7336194192126415472, guid: 8fe92b799076a274fa1fbc4a0c69eded,
        type: 3}
      propertyPath: m_LocalEulerAnglesHint.y
      value: 0
      objectReference: {fileID: 0}
    - target: {fileID: 7336194192126415472, guid: 8fe92b799076a274fa1fbc4a0c69eded,
        type: 3}
      propertyPath: m_LocalEulerAnglesHint.z
      value: 0
      objectReference: {fileID: 0}
    - target: {fileID: 7336194192126415474, guid: 8fe92b799076a274fa1fbc4a0c69eded,
        type: 3}
      propertyPath: m_Name
      value: Global Volume
      objectReference: {fileID: 0}
    m_RemovedComponents: []
  m_SourcePrefab: {fileID: 100100000, guid: 8fe92b799076a274fa1fbc4a0c69eded, type: 3}
--- !u!4 &889962014 stripped
Transform:
  m_CorrespondingSourceObject: {fileID: 2389876139787884932, guid: 8620454b105581746842b188a153cc67,
    type: 3}
  m_PrefabInstance: {fileID: 1615169555}
  m_PrefabAsset: {fileID: 0}
--- !u!1 &1181460255
GameObject:
  m_ObjectHideFlags: 0
  m_CorrespondingSourceObject: {fileID: 0}
  m_PrefabInstance: {fileID: 0}
  m_PrefabAsset: {fileID: 0}
  serializedVersion: 6
  m_Component:
  - component: {fileID: 1181460256}
  - component: {fileID: 1181460259}
  - component: {fileID: 1181460258}
  - component: {fileID: 1181460257}
  m_Layer: 5
  m_Name: PANEL
  m_TagString: Untagged
  m_Icon: {fileID: 0}
  m_NavMeshLayer: 0
  m_StaticEditorFlags: 0
  m_IsActive: 1
--- !u!224 &1181460256
RectTransform:
  m_ObjectHideFlags: 0
  m_CorrespondingSourceObject: {fileID: 0}
  m_PrefabInstance: {fileID: 0}
  m_PrefabAsset: {fileID: 0}
  m_GameObject: {fileID: 1181460255}
  m_LocalRotation: {x: -0, y: -0, z: -0, w: 1}
  m_LocalPosition: {x: 0, y: 0, z: 1.8425584}
  m_LocalScale: {x: 1, y: 1, z: 1}
  m_ConstrainProportionsScale: 0
  m_Children:
  - {fileID: 2146459341}
  - {fileID: 596548710}
  m_Father: {fileID: 340034149}
  m_RootOrder: 2
  m_LocalEulerAnglesHint: {x: 0, y: 0, z: 0}
  m_AnchorMin: {x: 0, y: 0}
  m_AnchorMax: {x: 0, y: 0}
  m_AnchoredPosition: {x: 394.58, y: 190.98}
  m_SizeDelta: {x: 697, y: 392}
  m_Pivot: {x: 0.5, y: 0.5}
--- !u!114 &1181460257
MonoBehaviour:
  m_ObjectHideFlags: 0
  m_CorrespondingSourceObject: {fileID: 0}
  m_PrefabInstance: {fileID: 0}
  m_PrefabAsset: {fileID: 0}
  m_GameObject: {fileID: 1181460255}
  m_Enabled: 1
  m_EditorHideFlags: 0
  m_Script: {fileID: 11500000, guid: dc42784cf147c0c48a680349fa168899, type: 3}
  m_Name: 
  m_EditorClassIdentifier: 
  m_IgnoreReversedGraphics: 1
  m_BlockingObjects: 0
  m_BlockingMask:
    serializedVersion: 2
    m_Bits: 4294967295
--- !u!114 &1181460258
MonoBehaviour:
  m_ObjectHideFlags: 0
  m_CorrespondingSourceObject: {fileID: 0}
  m_PrefabInstance: {fileID: 0}
  m_PrefabAsset: {fileID: 0}
  m_GameObject: {fileID: 1181460255}
  m_Enabled: 1
  m_EditorHideFlags: 0
  m_Script: {fileID: 11500000, guid: 0cd44c1031e13a943bb63640046fad76, type: 3}
  m_Name: 
  m_EditorClassIdentifier: 
  m_UiScaleMode: 0
  m_ReferencePixelsPerUnit: 100
  m_ScaleFactor: 1
  m_ReferenceResolution: {x: 800, y: 600}
  m_ScreenMatchMode: 0
  m_MatchWidthOrHeight: 0
  m_PhysicalUnit: 3
  m_FallbackScreenDPI: 96
  m_DefaultSpriteDPI: 96
  m_DynamicPixelsPerUnit: 1
  m_PresetInfoIsWorld: 1
--- !u!223 &1181460259
Canvas:
  m_ObjectHideFlags: 0
  m_CorrespondingSourceObject: {fileID: 0}
  m_PrefabInstance: {fileID: 0}
  m_PrefabAsset: {fileID: 0}
  m_GameObject: {fileID: 1181460255}
  m_Enabled: 1
  serializedVersion: 3
  m_RenderMode: 2
  m_Camera: {fileID: 0}
  m_PlaneDistance: 100
  m_PixelPerfect: 0
  m_ReceivesEvents: 1
  m_OverrideSorting: 0
  m_OverridePixelPerfect: 0
  m_SortingBucketNormalizedSize: 0
  m_AdditionalShaderChannelsFlag: 25
  m_SortingLayerID: 0
  m_SortingOrder: 0
  m_TargetDisplay: 0
--- !u!1 &1320967629
GameObject:
  m_ObjectHideFlags: 0
  m_CorrespondingSourceObject: {fileID: 0}
  m_PrefabInstance: {fileID: 0}
  m_PrefabAsset: {fileID: 0}
  serializedVersion: 6
  m_Component:
  - component: {fileID: 1320967630}
  - component: {fileID: 1320967631}
  m_Layer: 0
  m_Name: pared (7)
  m_TagString: Untagged
  m_Icon: {fileID: 0}
  m_NavMeshLayer: 0
  m_StaticEditorFlags: 0
  m_IsActive: 1
--- !u!4 &1320967630
Transform:
  m_ObjectHideFlags: 0
  m_CorrespondingSourceObject: {fileID: 0}
  m_PrefabInstance: {fileID: 0}
  m_PrefabAsset: {fileID: 0}
  m_GameObject: {fileID: 1320967629}
  m_LocalRotation: {x: -0, y: -0, z: -0.7071068, w: 0.7071068}
  m_LocalPosition: {x: 4.6983724, y: -0.3176453, z: -1.3043633}
  m_LocalScale: {x: 1, y: 1, z: 1}
  m_ConstrainProportionsScale: 0
  m_Children: []
  m_Father: {fileID: 889962014}
  m_RootOrder: 9
  m_LocalEulerAnglesHint: {x: 0, y: 0, z: -90}
--- !u!212 &1320967631
SpriteRenderer:
  m_ObjectHideFlags: 0
  m_CorrespondingSourceObject: {fileID: 0}
  m_PrefabInstance: {fileID: 0}
  m_PrefabAsset: {fileID: 0}
  m_GameObject: {fileID: 1320967629}
  m_Enabled: 1
  m_CastShadows: 0
  m_ReceiveShadows: 0
  m_DynamicOccludee: 1
  m_StaticShadowCaster: 0
  m_MotionVectors: 1
  m_LightProbeUsage: 1
  m_ReflectionProbeUsage: 1
  m_RayTracingMode: 0
  m_RayTraceProcedural: 0
  m_RenderingLayerMask: 1
  m_RendererPriority: 0
  m_Materials:
  - {fileID: 2100000, guid: a97c105638bdf8b4a8650670310a4cd3, type: 2}
  m_StaticBatchInfo:
    firstSubMesh: 0
    subMeshCount: 0
  m_StaticBatchRoot: {fileID: 0}
  m_ProbeAnchor: {fileID: 0}
  m_LightProbeVolumeOverride: {fileID: 0}
  m_ScaleInLightmap: 1
  m_ReceiveGI: 1
  m_PreserveUVs: 0
  m_IgnoreNormalsForChartDetection: 0
  m_ImportantGI: 0
  m_StitchLightmapSeams: 1
  m_SelectedEditorRenderState: 0
  m_MinimumChartSize: 4
  m_AutoUVMaxDistance: 0.5
  m_AutoUVMaxAngle: 89
  m_LightmapParameters: {fileID: 0}
  m_SortingLayerID: 0
  m_SortingLayer: 0
  m_SortingOrder: 0
  m_Sprite: {fileID: 21300000, guid: 8d192340f26545c49b18bf9d01b9ed4b, type: 3}
  m_Color: {r: 1, g: 1, b: 1, a: 1}
  m_FlipX: 0
  m_FlipY: 0
  m_DrawMode: 0
  m_Size: {x: 1.125, y: 1}
  m_AdaptiveModeThreshold: 0.5
  m_SpriteTileMode: 0
  m_WasSpriteAssigned: 1
  m_MaskInteraction: 0
  m_SpriteSortPoint: 0
--- !u!1001 &1575858215
PrefabInstance:
  m_ObjectHideFlags: 0
  serializedVersion: 2
  m_Modification:
    m_TransformParent: {fileID: 0}
    m_Modifications:
    - target: {fileID: 8066334052335760776, guid: df660135fcb1b4c40b25cfb250304e79,
        type: 3}
      propertyPath: m_Materials.Array.data[0]
      value: 
      objectReference: {fileID: 2100000, guid: a97c105638bdf8b4a8650670310a4cd3, type: 2}
    - target: {fileID: 8066334052335760780, guid: df660135fcb1b4c40b25cfb250304e79,
        type: 3}
      propertyPath: m_Name
      value: Jugador
      objectReference: {fileID: 0}
    - target: {fileID: 8066334052335760823, guid: df660135fcb1b4c40b25cfb250304e79,
        type: 3}
      propertyPath: m_RootOrder
      value: 3
      objectReference: {fileID: 0}
    - target: {fileID: 8066334052335760823, guid: df660135fcb1b4c40b25cfb250304e79,
        type: 3}
      propertyPath: m_LocalPosition.x
      value: 35.513016
      objectReference: {fileID: 0}
    - target: {fileID: 8066334052335760823, guid: df660135fcb1b4c40b25cfb250304e79,
        type: 3}
      propertyPath: m_LocalPosition.y
      value: 2.94
      objectReference: {fileID: 0}
    - target: {fileID: 8066334052335760823, guid: df660135fcb1b4c40b25cfb250304e79,
        type: 3}
      propertyPath: m_LocalPosition.z
      value: -1
      objectReference: {fileID: 0}
    - target: {fileID: 8066334052335760823, guid: df660135fcb1b4c40b25cfb250304e79,
        type: 3}
      propertyPath: m_LocalRotation.w
      value: 1
      objectReference: {fileID: 0}
    - target: {fileID: 8066334052335760823, guid: df660135fcb1b4c40b25cfb250304e79,
        type: 3}
      propertyPath: m_LocalRotation.x
      value: 0
      objectReference: {fileID: 0}
    - target: {fileID: 8066334052335760823, guid: df660135fcb1b4c40b25cfb250304e79,
        type: 3}
      propertyPath: m_LocalRotation.y
      value: 0
      objectReference: {fileID: 0}
    - target: {fileID: 8066334052335760823, guid: df660135fcb1b4c40b25cfb250304e79,
        type: 3}
      propertyPath: m_LocalRotation.z
      value: 0
      objectReference: {fileID: 0}
    - target: {fileID: 8066334052335760823, guid: df660135fcb1b4c40b25cfb250304e79,
        type: 3}
      propertyPath: m_LocalEulerAnglesHint.x
      value: 0
      objectReference: {fileID: 0}
    - target: {fileID: 8066334052335760823, guid: df660135fcb1b4c40b25cfb250304e79,
        type: 3}
      propertyPath: m_LocalEulerAnglesHint.y
      value: 0
      objectReference: {fileID: 0}
    - target: {fileID: 8066334052335760823, guid: df660135fcb1b4c40b25cfb250304e79,
        type: 3}
      propertyPath: m_LocalEulerAnglesHint.z
      value: 0
      objectReference: {fileID: 0}
    m_RemovedComponents: []
  m_SourcePrefab: {fileID: 100100000, guid: df660135fcb1b4c40b25cfb250304e79, type: 3}
--- !u!1001 &1615169555
PrefabInstance:
  m_ObjectHideFlags: 0
  serializedVersion: 2
  m_Modification:
    m_TransformParent: {fileID: 0}
    m_Modifications:
    - target: {fileID: 2389876138383677095, guid: 8620454b105581746842b188a153cc67,
        type: 3}
      propertyPath: m_LocalScale.x
      value: 9.052088
      objectReference: {fileID: 0}
    - target: {fileID: 2389876138383677095, guid: 8620454b105581746842b188a153cc67,
        type: 3}
      propertyPath: m_LocalPosition.x
      value: 1.6429
      objectReference: {fileID: 0}
    - target: {fileID: 2389876138669248791, guid: 8620454b105581746842b188a153cc67,
        type: 3}
      propertyPath: m_LocalScale.x
      value: 9.0070305
      objectReference: {fileID: 0}
    - target: {fileID: 2389876138669248791, guid: 8620454b105581746842b188a153cc67,
        type: 3}
      propertyPath: m_LocalPosition.x
      value: 1.6337
      objectReference: {fileID: 0}
    - target: {fileID: 2389876139054314266, guid: 8620454b105581746842b188a153cc67,
        type: 3}
      propertyPath: m_LocalScale.y
      value: 1.0726
      objectReference: {fileID: 0}
    - target: {fileID: 2389876139054314266, guid: 8620454b105581746842b188a153cc67,
        type: 3}
      propertyPath: m_LocalPosition.x
      value: -2.3379
      objectReference: {fileID: 0}
    - target: {fileID: 2389876139054314266, guid: 8620454b105581746842b188a153cc67,
        type: 3}
      propertyPath: m_LocalPosition.y
      value: -0.3176
      objectReference: {fileID: 0}
    - target: {fileID: 2389876139787884932, guid: 8620454b105581746842b188a153cc67,
        type: 3}
      propertyPath: m_RootOrder
      value: 2
      objectReference: {fileID: 0}
    - target: {fileID: 2389876139787884932, guid: 8620454b105581746842b188a153cc67,
        type: 3}
      propertyPath: m_LocalPosition.x
      value: 47.682377
      objectReference: {fileID: 0}
    - target: {fileID: 2389876139787884932, guid: 8620454b105581746842b188a153cc67,
        type: 3}
      propertyPath: m_LocalPosition.y
      value: 3.2472968
      objectReference: {fileID: 0}
    - target: {fileID: 2389876139787884932, guid: 8620454b105581746842b188a153cc67,
        type: 3}
      propertyPath: m_LocalPosition.z
      value: -1.4292779
      objectReference: {fileID: 0}
    - target: {fileID: 2389876139787884932, guid: 8620454b105581746842b188a153cc67,
        type: 3}
      propertyPath: m_LocalRotation.w
      value: 0.7071068
      objectReference: {fileID: 0}
    - target: {fileID: 2389876139787884932, guid: 8620454b105581746842b188a153cc67,
        type: 3}
      propertyPath: m_LocalRotation.x
      value: 0
      objectReference: {fileID: 0}
    - target: {fileID: 2389876139787884932, guid: 8620454b105581746842b188a153cc67,
        type: 3}
      propertyPath: m_LocalRotation.y
      value: 0
      objectReference: {fileID: 0}
    - target: {fileID: 2389876139787884932, guid: 8620454b105581746842b188a153cc67,
        type: 3}
      propertyPath: m_LocalRotation.z
      value: 0.7071068
      objectReference: {fileID: 0}
    - target: {fileID: 2389876139787884932, guid: 8620454b105581746842b188a153cc67,
        type: 3}
      propertyPath: m_LocalEulerAnglesHint.x
      value: 0
      objectReference: {fileID: 0}
    - target: {fileID: 2389876139787884932, guid: 8620454b105581746842b188a153cc67,
        type: 3}
      propertyPath: m_LocalEulerAnglesHint.y
      value: 0
      objectReference: {fileID: 0}
    - target: {fileID: 2389876139787884932, guid: 8620454b105581746842b188a153cc67,
        type: 3}
      propertyPath: m_LocalEulerAnglesHint.z
      value: 90
      objectReference: {fileID: 0}
    - target: {fileID: 2389876139787884933, guid: 8620454b105581746842b188a153cc67,
        type: 3}
      propertyPath: m_Name
      value: Obstaculo
      objectReference: {fileID: 0}
    m_RemovedComponents: []
  m_SourcePrefab: {fileID: 100100000, guid: 8620454b105581746842b188a153cc67, type: 3}
--- !u!4 &1889509519 stripped
Transform:
  m_CorrespondingSourceObject: {fileID: 987068580462396480, guid: d7cf2d2561eabf34b96e790ba25e7ed3,
    type: 3}
  m_PrefabInstance: {fileID: 987068579129500879}
  m_PrefabAsset: {fileID: 0}
--- !u!1 &2019638140
GameObject:
  m_ObjectHideFlags: 0
  m_CorrespondingSourceObject: {fileID: 0}
  m_PrefabInstance: {fileID: 0}
  m_PrefabAsset: {fileID: 0}
  serializedVersion: 6
  m_Component:
  - component: {fileID: 2019638141}
  - component: {fileID: 2019638142}
  m_Layer: 0
  m_Name: pared (6)
  m_TagString: Untagged
  m_Icon: {fileID: 0}
  m_NavMeshLayer: 0
  m_StaticEditorFlags: 0
  m_IsActive: 1
--- !u!4 &2019638141
Transform:
  m_ObjectHideFlags: 0
  m_CorrespondingSourceObject: {fileID: 0}
  m_PrefabInstance: {fileID: 0}
  m_PrefabAsset: {fileID: 0}
  m_GameObject: {fileID: 2019638140}
  m_LocalRotation: {x: -0, y: -0, z: -0.7071068, w: 0.7071068}
  m_LocalPosition: {x: 3.6983724, y: -0.3176452, z: -1.3043633}
  m_LocalScale: {x: 1, y: 1, z: 1}
  m_ConstrainProportionsScale: 0
  m_Children: []
  m_Father: {fileID: 889962014}
  m_RootOrder: 8
  m_LocalEulerAnglesHint: {x: 0, y: 0, z: -90}
--- !u!212 &2019638142
SpriteRenderer:
  m_ObjectHideFlags: 0
  m_CorrespondingSourceObject: {fileID: 0}
  m_PrefabInstance: {fileID: 0}
  m_PrefabAsset: {fileID: 0}
  m_GameObject: {fileID: 2019638140}
  m_Enabled: 1
  m_CastShadows: 0
  m_ReceiveShadows: 0
  m_DynamicOccludee: 1
  m_StaticShadowCaster: 0
  m_MotionVectors: 1
  m_LightProbeUsage: 1
  m_ReflectionProbeUsage: 1
  m_RayTracingMode: 0
  m_RayTraceProcedural: 0
  m_RenderingLayerMask: 1
  m_RendererPriority: 0
  m_Materials:
  - {fileID: 2100000, guid: a97c105638bdf8b4a8650670310a4cd3, type: 2}
  m_StaticBatchInfo:
    firstSubMesh: 0
    subMeshCount: 0
  m_StaticBatchRoot: {fileID: 0}
  m_ProbeAnchor: {fileID: 0}
  m_LightProbeVolumeOverride: {fileID: 0}
  m_ScaleInLightmap: 1
  m_ReceiveGI: 1
  m_PreserveUVs: 0
  m_IgnoreNormalsForChartDetection: 0
  m_ImportantGI: 0
  m_StitchLightmapSeams: 1
  m_SelectedEditorRenderState: 0
  m_MinimumChartSize: 4
  m_AutoUVMaxDistance: 0.5
  m_AutoUVMaxAngle: 89
  m_LightmapParameters: {fileID: 0}
  m_SortingLayerID: 0
  m_SortingLayer: 0
  m_SortingOrder: 0
  m_Sprite: {fileID: 21300000, guid: 8d192340f26545c49b18bf9d01b9ed4b, type: 3}
  m_Color: {r: 1, g: 1, b: 1, a: 1}
  m_FlipX: 0
  m_FlipY: 0
  m_DrawMode: 0
  m_Size: {x: 1.125, y: 1}
  m_AdaptiveModeThreshold: 0.5
  m_SpriteTileMode: 0
  m_WasSpriteAssigned: 1
  m_MaskInteraction: 0
  m_SpriteSortPoint: 0
--- !u!1 &2074046693
GameObject:
  m_ObjectHideFlags: 0
  m_CorrespondingSourceObject: {fileID: 0}
  m_PrefabInstance: {fileID: 0}
  m_PrefabAsset: {fileID: 0}
  serializedVersion: 6
  m_Component:
  - component: {fileID: 2074046694}
  - component: {fileID: 2074046695}
  m_Layer: 0
  m_Name: pared (4)
  m_TagString: Untagged
  m_Icon: {fileID: 0}
  m_NavMeshLayer: 0
  m_StaticEditorFlags: 0
  m_IsActive: 1
--- !u!4 &2074046694
Transform:
  m_ObjectHideFlags: 0
  m_CorrespondingSourceObject: {fileID: 0}
  m_PrefabInstance: {fileID: 0}
  m_PrefabAsset: {fileID: 0}
  m_GameObject: {fileID: 2074046693}
  m_LocalRotation: {x: -0, y: -0, z: -0.7071068, w: 0.7071068}
  m_LocalPosition: {x: 1.698372, y: -0.31764495, z: -1.3043633}
  m_LocalScale: {x: 1, y: 1, z: 1}
  m_ConstrainProportionsScale: 0
  m_Children: []
  m_Father: {fileID: 889962014}
  m_RootOrder: 6
  m_LocalEulerAnglesHint: {x: 0, y: 0, z: -90}
--- !u!212 &2074046695
SpriteRenderer:
  m_ObjectHideFlags: 0
  m_CorrespondingSourceObject: {fileID: 0}
  m_PrefabInstance: {fileID: 0}
  m_PrefabAsset: {fileID: 0}
  m_GameObject: {fileID: 2074046693}
  m_Enabled: 1
  m_CastShadows: 0
  m_ReceiveShadows: 0
  m_DynamicOccludee: 1
  m_StaticShadowCaster: 0
  m_MotionVectors: 1
  m_LightProbeUsage: 1
  m_ReflectionProbeUsage: 1
  m_RayTracingMode: 0
  m_RayTraceProcedural: 0
  m_RenderingLayerMask: 1
  m_RendererPriority: 0
  m_Materials:
  - {fileID: 2100000, guid: a97c105638bdf8b4a8650670310a4cd3, type: 2}
  m_StaticBatchInfo:
    firstSubMesh: 0
    subMeshCount: 0
  m_StaticBatchRoot: {fileID: 0}
  m_ProbeAnchor: {fileID: 0}
  m_LightProbeVolumeOverride: {fileID: 0}
  m_ScaleInLightmap: 1
  m_ReceiveGI: 1
  m_PreserveUVs: 0
  m_IgnoreNormalsForChartDetection: 0
  m_ImportantGI: 0
  m_StitchLightmapSeams: 1
  m_SelectedEditorRenderState: 0
  m_MinimumChartSize: 4
  m_AutoUVMaxDistance: 0.5
  m_AutoUVMaxAngle: 89
  m_LightmapParameters: {fileID: 0}
  m_SortingLayerID: 0
  m_SortingLayer: 0
  m_SortingOrder: 0
  m_Sprite: {fileID: 21300000, guid: 8d192340f26545c49b18bf9d01b9ed4b, type: 3}
  m_Color: {r: 1, g: 1, b: 1, a: 1}
  m_FlipX: 0
  m_FlipY: 0
  m_DrawMode: 0
  m_Size: {x: 1.125, y: 1}
  m_AdaptiveModeThreshold: 0.5
  m_SpriteTileMode: 0
  m_WasSpriteAssigned: 1
  m_MaskInteraction: 0
  m_SpriteSortPoint: 0
--- !u!1 &2122922198
GameObject:
  m_ObjectHideFlags: 0
  m_CorrespondingSourceObject: {fileID: 0}
  m_PrefabInstance: {fileID: 0}
  m_PrefabAsset: {fileID: 0}
  serializedVersion: 6
  m_Component:
  - component: {fileID: 2122922199}
  m_Layer: 0
  m_Name: ---MAP---
  m_TagString: Untagged
  m_Icon: {fileID: 0}
  m_NavMeshLayer: 0
  m_StaticEditorFlags: 0
  m_IsActive: 1
--- !u!4 &2122922199
Transform:
  m_ObjectHideFlags: 0
  m_CorrespondingSourceObject: {fileID: 0}
  m_PrefabInstance: {fileID: 0}
  m_PrefabAsset: {fileID: 0}
  m_GameObject: {fileID: 2122922198}
  m_LocalRotation: {x: 0, y: 0, z: 0, w: 1}
  m_LocalPosition: {x: 3.6081536, y: 0.30363655, z: -1.8302035}
  m_LocalScale: {x: 1, y: 1, z: 1}
  m_ConstrainProportionsScale: 0
  m_Children:
  - {fileID: 1889509519}
  m_Father: {fileID: 0}
  m_RootOrder: 5
  m_LocalEulerAnglesHint: {x: 0, y: 0, z: 0}
--- !u!1 &2146459340
GameObject:
  m_ObjectHideFlags: 0
  m_CorrespondingSourceObject: {fileID: 0}
  m_PrefabInstance: {fileID: 0}
  m_PrefabAsset: {fileID: 0}
  serializedVersion: 6
  m_Component:
  - component: {fileID: 2146459341}
  - component: {fileID: 2146459343}
  - component: {fileID: 2146459342}
  - component: {fileID: 2146459344}
  - component: {fileID: 2146459345}
  m_Layer: 5
  m_Name: RawImage
  m_TagString: Untagged
  m_Icon: {fileID: 0}
  m_NavMeshLayer: 0
  m_StaticEditorFlags: 0
  m_IsActive: 1
--- !u!224 &2146459341
RectTransform:
  m_ObjectHideFlags: 0
  m_CorrespondingSourceObject: {fileID: 0}
  m_PrefabInstance: {fileID: 0}
  m_PrefabAsset: {fileID: 0}
  m_GameObject: {fileID: 2146459340}
  m_LocalRotation: {x: 0, y: 0, z: 0, w: 1}
  m_LocalPosition: {x: 0, y: 0, z: 0}
  m_LocalScale: {x: 0.8875, y: 0.775, z: 1}
  m_ConstrainProportionsScale: 0
  m_Children: []
  m_Father: {fileID: 1181460256}
  m_RootOrder: 0
  m_LocalEulerAnglesHint: {x: 0, y: 0, z: 0}
  m_AnchorMin: {x: 0.5, y: 0.5}
  m_AnchorMax: {x: 0.5, y: 0.5}
  m_AnchoredPosition: {x: -347.39, y: -186.62862}
  m_SizeDelta: {x: 2.9266, y: 1.2008}
  m_Pivot: {x: 0.5, y: 0.5}
--- !u!114 &2146459342
MonoBehaviour:
  m_ObjectHideFlags: 0
  m_CorrespondingSourceObject: {fileID: 0}
  m_PrefabInstance: {fileID: 0}
  m_PrefabAsset: {fileID: 0}
  m_GameObject: {fileID: 2146459340}
  m_Enabled: 1
  m_EditorHideFlags: 0
  m_Script: {fileID: 11500000, guid: 1344c3c82d62a2a41a3576d8abb8e3ea, type: 3}
  m_Name: 
  m_EditorClassIdentifier: 
  m_Material: {fileID: 0}
  m_Color: {r: 0.4745098, g: 0.200988, b: 0, a: 0.85882354}
  m_RaycastTarget: 1
  m_RaycastPadding: {x: 0, y: 0, z: 0, w: 0}
  m_Maskable: 1
  m_OnCullStateChanged:
    m_PersistentCalls:
      m_Calls: []
  m_Texture: {fileID: 0}
  m_UVRect:
    serializedVersion: 2
    x: 0
    y: 0
    width: 1
    height: 1
--- !u!222 &2146459343
CanvasRenderer:
  m_ObjectHideFlags: 0
  m_CorrespondingSourceObject: {fileID: 0}
  m_PrefabInstance: {fileID: 0}
  m_PrefabAsset: {fileID: 0}
  m_GameObject: {fileID: 2146459340}
  m_CullTransparentMesh: 1
--- !u!61 &2146459344
BoxCollider2D:
  m_ObjectHideFlags: 0
  m_CorrespondingSourceObject: {fileID: 0}
  m_PrefabInstance: {fileID: 0}
  m_PrefabAsset: {fileID: 0}
  m_GameObject: {fileID: 2146459340}
  m_Enabled: 1
  m_Density: 1
  m_Material: {fileID: 0}
  m_IsTrigger: 0
  m_UsedByEffector: 0
  m_UsedByComposite: 0
  m_Offset: {x: 0.0075330734, y: 0.00000023841858}
  m_SpriteTilingProperty:
    border: {x: 0, y: 0, z: 0, w: 0}
    pivot: {x: 0, y: 0}
    oldSize: {x: 0, y: 0}
    newSize: {x: 0, y: 0}
    adaptiveTilingThreshold: 0
    drawMode: 0
    adaptiveTiling: 0
  m_AutoTiling: 0
  serializedVersion: 2
  m_Size: {x: 2.9735813, y: 1.210917}
  m_EdgeRadius: 0
--- !u!114 &2146459345
MonoBehaviour:
  m_ObjectHideFlags: 0
  m_CorrespondingSourceObject: {fileID: 0}
  m_PrefabInstance: {fileID: 0}
  m_PrefabAsset: {fileID: 0}
  m_GameObject: {fileID: 2146459340}
  m_Enabled: 1
  m_EditorHideFlags: 0
  m_Script: {fileID: 11500000, guid: 27c3523b44ee0594b91e6a65c7b85e28, type: 3}
  m_Name: 
  m_EditorClassIdentifier: 
  colorCorrecta: {r: 0.20909335, g: 0.4811321, b: 0.0022694964, a: 0.72156864}
  text: {fileID: 596548708}
  Password: 7294
--- !u!1001 &987068579129500879
PrefabInstance:
  m_ObjectHideFlags: 0
  serializedVersion: 2
  m_Modification:
    m_TransformParent: {fileID: 2122922199}
    m_Modifications:
    - target: {fileID: 1889509521, guid: d7cf2d2561eabf34b96e790ba25e7ed3, type: 3}
      propertyPath: Abierta
      value: 1
      objectReference: {fileID: 0}
    - target: {fileID: 1889509521, guid: d7cf2d2561eabf34b96e790ba25e7ed3, type: 3}
      propertyPath: Transition
      value: 
      objectReference: {fileID: 527898417}
    - target: {fileID: 987068580462396480, guid: d7cf2d2561eabf34b96e790ba25e7ed3,
        type: 3}
      propertyPath: m_RootOrder
      value: 0
      objectReference: {fileID: 0}
    - target: {fileID: 987068580462396480, guid: d7cf2d2561eabf34b96e790ba25e7ed3,
        type: 3}
      propertyPath: m_LocalPosition.x
      value: 47.571
      objectReference: {fileID: 0}
    - target: {fileID: 987068580462396480, guid: d7cf2d2561eabf34b96e790ba25e7ed3,
        type: 3}
      propertyPath: m_LocalPosition.y
      value: 1.73
      objectReference: {fileID: 0}
    - target: {fileID: 987068580462396480, guid: d7cf2d2561eabf34b96e790ba25e7ed3,
        type: 3}
      propertyPath: m_LocalPosition.z
      value: 1.5802035
      objectReference: {fileID: 0}
    - target: {fileID: 987068580462396480, guid: d7cf2d2561eabf34b96e790ba25e7ed3,
        type: 3}
      propertyPath: m_LocalRotation.w
      value: 1
      objectReference: {fileID: 0}
    - target: {fileID: 987068580462396480, guid: d7cf2d2561eabf34b96e790ba25e7ed3,
        type: 3}
      propertyPath: m_LocalRotation.x
      value: -0
      objectReference: {fileID: 0}
    - target: {fileID: 987068580462396480, guid: d7cf2d2561eabf34b96e790ba25e7ed3,
        type: 3}
      propertyPath: m_LocalRotation.y
      value: -0
      objectReference: {fileID: 0}
    - target: {fileID: 987068580462396480, guid: d7cf2d2561eabf34b96e790ba25e7ed3,
        type: 3}
      propertyPath: m_LocalRotation.z
      value: -0
      objectReference: {fileID: 0}
    - target: {fileID: 987068580462396480, guid: d7cf2d2561eabf34b96e790ba25e7ed3,
        type: 3}
      propertyPath: m_LocalEulerAnglesHint.x
      value: 0
      objectReference: {fileID: 0}
    - target: {fileID: 987068580462396480, guid: d7cf2d2561eabf34b96e790ba25e7ed3,
        type: 3}
      propertyPath: m_LocalEulerAnglesHint.y
      value: 0
      objectReference: {fileID: 0}
    - target: {fileID: 987068580462396480, guid: d7cf2d2561eabf34b96e790ba25e7ed3,
        type: 3}
      propertyPath: m_LocalEulerAnglesHint.z
      value: 0
      objectReference: {fileID: 0}
    - target: {fileID: 987068580462396481, guid: d7cf2d2561eabf34b96e790ba25e7ed3,
        type: 3}
      propertyPath: m_Materials.Array.data[0]
      value: 
      objectReference: {fileID: 2100000, guid: a97c105638bdf8b4a8650670310a4cd3, type: 2}
    - target: {fileID: 987068580462396482, guid: d7cf2d2561eabf34b96e790ba25e7ed3,
        type: 3}
      propertyPath: m_Name
      value: Door
      objectReference: {fileID: 0}
    m_RemovedComponents:
    - {fileID: 3667188937332393245, guid: d7cf2d2561eabf34b96e790ba25e7ed3, type: 3}
  m_SourcePrefab: {fileID: 100100000, guid: d7cf2d2561eabf34b96e790ba25e7ed3, type: 3}
--- !u!1001 &3401315702209941318
PrefabInstance:
  m_ObjectHideFlags: 0
  serializedVersion: 2
  m_Modification:
    m_TransformParent: {fileID: 0}
    m_Modifications:
    - target: {fileID: 5637562779549258283, guid: 487c37e2f687f044cae4b30bcc8720ba,
        type: 3}
      propertyPath: orthographic size
      value: 6.79
      objectReference: {fileID: 0}
    - target: {fileID: 5637562779806514342, guid: 487c37e2f687f044cae4b30bcc8720ba,
        type: 3}
      propertyPath: m_Lens.m_SensorSize.x
      value: 2.014975
      objectReference: {fileID: 0}
    - target: {fileID: 5637562779806514342, guid: 487c37e2f687f044cae4b30bcc8720ba,
        type: 3}
      propertyPath: m_Lens.OrthographicSize
      value: 6.79
      objectReference: {fileID: 0}
    - target: {fileID: 6608196367159568786, guid: 487c37e2f687f044cae4b30bcc8720ba,
        type: 3}
      propertyPath: m_RootOrder
      value: 1
      objectReference: {fileID: 0}
    - target: {fileID: 6608196367159568786, guid: 487c37e2f687f044cae4b30bcc8720ba,
        type: 3}
      propertyPath: m_LocalPosition.x
      value: 40.65074
      objectReference: {fileID: 0}
    - target: {fileID: 6608196367159568786, guid: 487c37e2f687f044cae4b30bcc8720ba,
        type: 3}
      propertyPath: m_LocalPosition.y
      value: 6.748994
      objectReference: {fileID: 0}
    - target: {fileID: 6608196367159568786, guid: 487c37e2f687f044cae4b30bcc8720ba,
        type: 3}
      propertyPath: m_LocalPosition.z
      value: -3.2640336
      objectReference: {fileID: 0}
    - target: {fileID: 6608196367159568786, guid: 487c37e2f687f044cae4b30bcc8720ba,
        type: 3}
      propertyPath: m_LocalRotation.w
      value: 1
      objectReference: {fileID: 0}
    - target: {fileID: 6608196367159568786, guid: 487c37e2f687f044cae4b30bcc8720ba,
        type: 3}
      propertyPath: m_LocalRotation.x
      value: 0
      objectReference: {fileID: 0}
    - target: {fileID: 6608196367159568786, guid: 487c37e2f687f044cae4b30bcc8720ba,
        type: 3}
      propertyPath: m_LocalRotation.y
      value: 0
      objectReference: {fileID: 0}
    - target: {fileID: 6608196367159568786, guid: 487c37e2f687f044cae4b30bcc8720ba,
        type: 3}
      propertyPath: m_LocalRotation.z
      value: 0
      objectReference: {fileID: 0}
    - target: {fileID: 6608196367159568786, guid: 487c37e2f687f044cae4b30bcc8720ba,
        type: 3}
      propertyPath: m_LocalEulerAnglesHint.x
      value: 0
      objectReference: {fileID: 0}
    - target: {fileID: 6608196367159568786, guid: 487c37e2f687f044cae4b30bcc8720ba,
        type: 3}
      propertyPath: m_LocalEulerAnglesHint.y
      value: 0
      objectReference: {fileID: 0}
    - target: {fileID: 6608196367159568786, guid: 487c37e2f687f044cae4b30bcc8720ba,
        type: 3}
      propertyPath: m_LocalEulerAnglesHint.z
      value: 0
      objectReference: {fileID: 0}
    - target: {fileID: 7537731421236490391, guid: 487c37e2f687f044cae4b30bcc8720ba,
        type: 3}
      propertyPath: m_Name
      value: Escenario Grids y Luces
      objectReference: {fileID: 0}
    m_RemovedComponents: []
  m_SourcePrefab: {fileID: 100100000, guid: 487c37e2f687f044cae4b30bcc8720ba, type: 3}
--- !u!1001 &4560604871739211362
PrefabInstance:
  m_ObjectHideFlags: 0
  serializedVersion: 2
  m_Modification:
    m_TransformParent: {fileID: 0}
    m_Modifications:
    - target: {fileID: 4560604872720201024, guid: bb33b70ef44c77d449fd845fae9e590f,
        type: 3}
      propertyPath: margen
      value: 0.1
      objectReference: {fileID: 0}
    - target: {fileID: 4560604872720201024, guid: bb33b70ef44c77d449fd845fae9e590f,
        type: 3}
      propertyPath: MouseActivado
      value: 0
      objectReference: {fileID: 0}
    - target: {fileID: 4560604872720201024, guid: bb33b70ef44c77d449fd845fae9e590f,
        type: 3}
      propertyPath: QuieroLimitar
      value: 0
      objectReference: {fileID: 0}
    - target: {fileID: 4560604872720201025, guid: bb33b70ef44c77d449fd845fae9e590f,
        type: 3}
      propertyPath: m_RootOrder
      value: 4
      objectReference: {fileID: 0}
    - target: {fileID: 4560604872720201025, guid: bb33b70ef44c77d449fd845fae9e590f,
        type: 3}
      propertyPath: m_LocalPosition.x
      value: 2.834584
      objectReference: {fileID: 0}
    - target: {fileID: 4560604872720201025, guid: bb33b70ef44c77d449fd845fae9e590f,
        type: 3}
      propertyPath: m_LocalPosition.y
      value: 4.164821
      objectReference: {fileID: 0}
    - target: {fileID: 4560604872720201025, guid: bb33b70ef44c77d449fd845fae9e590f,
        type: 3}
      propertyPath: m_LocalPosition.z
      value: 7.959645
      objectReference: {fileID: 0}
    - target: {fileID: 4560604872720201025, guid: bb33b70ef44c77d449fd845fae9e590f,
        type: 3}
      propertyPath: m_LocalRotation.w
      value: 1
      objectReference: {fileID: 0}
    - target: {fileID: 4560604872720201025, guid: bb33b70ef44c77d449fd845fae9e590f,
        type: 3}
      propertyPath: m_LocalRotation.x
      value: -0
      objectReference: {fileID: 0}
    - target: {fileID: 4560604872720201025, guid: bb33b70ef44c77d449fd845fae9e590f,
        type: 3}
      propertyPath: m_LocalRotation.y
      value: -0
      objectReference: {fileID: 0}
    - target: {fileID: 4560604872720201025, guid: bb33b70ef44c77d449fd845fae9e590f,
        type: 3}
      propertyPath: m_LocalRotation.z
      value: -0
      objectReference: {fileID: 0}
    - target: {fileID: 4560604872720201025, guid: bb33b70ef44c77d449fd845fae9e590f,
        type: 3}
      propertyPath: m_LocalEulerAnglesHint.x
      value: 0
      objectReference: {fileID: 0}
    - target: {fileID: 4560604872720201025, guid: bb33b70ef44c77d449fd845fae9e590f,
        type: 3}
      propertyPath: m_LocalEulerAnglesHint.y
      value: 0
      objectReference: {fileID: 0}
    - target: {fileID: 4560604872720201025, guid: bb33b70ef44c77d449fd845fae9e590f,
        type: 3}
      propertyPath: m_LocalEulerAnglesHint.z
      value: 0
      objectReference: {fileID: 0}
    - target: {fileID: 4560604872720201027, guid: bb33b70ef44c77d449fd845fae9e590f,
        type: 3}
      propertyPath: m_Name
      value: GameManager
      objectReference: {fileID: 0}
    - target: {fileID: 4560604872720201028, guid: bb33b70ef44c77d449fd845fae9e590f,
        type: 3}
      propertyPath: Can_F5
      value: 1
      objectReference: {fileID: 0}
    - target: {fileID: 4560604872720201028, guid: bb33b70ef44c77d449fd845fae9e590f,
        type: 3}
      propertyPath: Can_Tab
      value: 1
      objectReference: {fileID: 0}
    - target: {fileID: 4560604872720201028, guid: bb33b70ef44c77d449fd845fae9e590f,
        type: 3}
      propertyPath: Can_Zoom
      value: 1
      objectReference: {fileID: 0}
    - target: {fileID: 4560604872720201028, guid: bb33b70ef44c77d449fd845fae9e590f,
        type: 3}
      propertyPath: Can_AltF4
      value: 1
      objectReference: {fileID: 0}
    - target: {fileID: 4560604872720201028, guid: bb33b70ef44c77d449fd845fae9e590f,
        type: 3}
      propertyPath: Can_Copiar
      value: 1
      objectReference: {fileID: 0}
    - target: {fileID: 4560604872720201028, guid: bb33b70ef44c77d449fd845fae9e590f,
        type: 3}
      propertyPath: Can_Cortar
      value: 1
      objectReference: {fileID: 0}
    - target: {fileID: 4560604872720201028, guid: bb33b70ef44c77d449fd845fae9e590f,
        type: 3}
      propertyPath: Can_Delete
      value: 1
      objectReference: {fileID: 0}
    - target: {fileID: 4560604872720201028, guid: bb33b70ef44c77d449fd845fae9e590f,
        type: 3}
      propertyPath: Can_Control_A
      value: 1
      objectReference: {fileID: 0}
    - target: {fileID: 4560604872720201028, guid: bb33b70ef44c77d449fd845fae9e590f,
        type: 3}
      propertyPath: Can_Control_D
      value: 1
      objectReference: {fileID: 0}
    - target: {fileID: 4560604872720201028, guid: bb33b70ef44c77d449fd845fae9e590f,
        type: 3}
      propertyPath: Can_Control_F
      value: 1
      objectReference: {fileID: 0}
    - target: {fileID: 4560604872720201028, guid: bb33b70ef44c77d449fd845fae9e590f,
        type: 3}
      propertyPath: Can_Control_O
      value: 1
      objectReference: {fileID: 0}
    - target: {fileID: 4560604872720201028, guid: bb33b70ef44c77d449fd845fae9e590f,
        type: 3}
      propertyPath: Can_Control_Z
      value: 1
      objectReference: {fileID: 0}
    - target: {fileID: 4560604872720201028, guid: bb33b70ef44c77d449fd845fae9e590f,
        type: 3}
      propertyPath: AdminShortcut.Array.size
      value: 0
      objectReference: {fileID: 0}
    - target: {fileID: 4560604872720201028, guid: bb33b70ef44c77d449fd845fae9e590f,
        type: 3}
      propertyPath: limiteZoomMaxOrtografica
      value: 8.8
      objectReference: {fileID: 0}
    - target: {fileID: 4560604872720201028, guid: bb33b70ef44c77d449fd845fae9e590f,
        type: 3}
      propertyPath: limiteZoomMinOrtografica
      value: 1.06
      objectReference: {fileID: 0}
    m_RemovedComponents: []
  m_SourcePrefab: {fileID: 100100000, guid: bb33b70ef44c77d449fd845fae9e590f, type: 3}
--- !u!1001 &5191438124143949169
PrefabInstance:
  m_ObjectHideFlags: 0
  serializedVersion: 2
  m_Modification:
    m_TransformParent: {fileID: 340034149}
    m_Modifications:
    - target: {fileID: 866798268, guid: 87828d32ba1117d448b2dff47759daa4, type: 3}
      propertyPath: m_OnSelect.m_PersistentCalls.m_Calls.Array.size
      value: 1
      objectReference: {fileID: 0}
    - target: {fileID: 866798268, guid: 87828d32ba1117d448b2dff47759daa4, type: 3}
      propertyPath: m_OnDeselect.m_PersistentCalls.m_Calls.Array.size
      value: 1
      objectReference: {fileID: 0}
    - target: {fileID: 866798268, guid: 87828d32ba1117d448b2dff47759daa4, type: 3}
      propertyPath: m_OnValueChanged.m_PersistentCalls.m_Calls.Array.size
      value: 1
      objectReference: {fileID: 0}
    - target: {fileID: 866798268, guid: 87828d32ba1117d448b2dff47759daa4, type: 3}
      propertyPath: m_OnSelect.m_PersistentCalls.m_Calls.Array.data[0].m_Mode
      value: 6
      objectReference: {fileID: 0}
    - target: {fileID: 866798268, guid: 87828d32ba1117d448b2dff47759daa4, type: 3}
      propertyPath: m_OnDeselect.m_PersistentCalls.m_Calls.Array.data[0].m_Mode
      value: 6
      objectReference: {fileID: 0}
    - target: {fileID: 866798268, guid: 87828d32ba1117d448b2dff47759daa4, type: 3}
      propertyPath: m_OnSelect.m_PersistentCalls.m_Calls.Array.data[0].m_Target
      value: 
      objectReference: {fileID: 443972533}
    - target: {fileID: 866798268, guid: 87828d32ba1117d448b2dff47759daa4, type: 3}
      propertyPath: m_OnDeselect.m_PersistentCalls.m_Calls.Array.data[0].m_Target
      value: 
      objectReference: {fileID: 443972533}
    - target: {fileID: 866798268, guid: 87828d32ba1117d448b2dff47759daa4, type: 3}
      propertyPath: m_OnSelect.m_PersistentCalls.m_Calls.Array.data[0].m_CallState
      value: 2
      objectReference: {fileID: 0}
    - target: {fileID: 866798268, guid: 87828d32ba1117d448b2dff47759daa4, type: 3}
      propertyPath: m_OnSelect.m_PersistentCalls.m_Calls.Array.data[0].m_MethodName
      value: MovimientoJugador
      objectReference: {fileID: 0}
    - target: {fileID: 866798268, guid: 87828d32ba1117d448b2dff47759daa4, type: 3}
      propertyPath: m_OnValueChanged.m_PersistentCalls.m_Calls.Array.data[0].m_Mode
      value: 1
      objectReference: {fileID: 0}
    - target: {fileID: 866798268, guid: 87828d32ba1117d448b2dff47759daa4, type: 3}
      propertyPath: m_OnDeselect.m_PersistentCalls.m_Calls.Array.data[0].m_CallState
      value: 2
      objectReference: {fileID: 0}
    - target: {fileID: 866798268, guid: 87828d32ba1117d448b2dff47759daa4, type: 3}
      propertyPath: m_OnDeselect.m_PersistentCalls.m_Calls.Array.data[0].m_MethodName
      value: MovimientoJugador
      objectReference: {fileID: 0}
    - target: {fileID: 866798268, guid: 87828d32ba1117d448b2dff47759daa4, type: 3}
      propertyPath: m_OnValueChanged.m_PersistentCalls.m_Calls.Array.data[0].m_Target
      value: 
      objectReference: {fileID: 443972531}
    - target: {fileID: 866798268, guid: 87828d32ba1117d448b2dff47759daa4, type: 3}
      propertyPath: m_OnValueChanged.m_PersistentCalls.m_Calls.Array.data[0].m_CallState
      value: 2
      objectReference: {fileID: 0}
    - target: {fileID: 866798268, guid: 87828d32ba1117d448b2dff47759daa4, type: 3}
      propertyPath: m_OnValueChanged.m_PersistentCalls.m_Calls.Array.data[0].m_MethodName
      value: BuscarControlF
      objectReference: {fileID: 0}
    - target: {fileID: 866798268, guid: 87828d32ba1117d448b2dff47759daa4, type: 3}
      propertyPath: m_OnSelect.m_PersistentCalls.m_Calls.Array.data[0].m_TargetAssemblyTypeName
      value: GameManager, Assembly-CSharp
      objectReference: {fileID: 0}
    - target: {fileID: 866798268, guid: 87828d32ba1117d448b2dff47759daa4, type: 3}
      propertyPath: m_OnDeselect.m_PersistentCalls.m_Calls.Array.data[0].m_TargetAssemblyTypeName
      value: GameManager, Assembly-CSharp
      objectReference: {fileID: 0}
    - target: {fileID: 866798268, guid: 87828d32ba1117d448b2dff47759daa4, type: 3}
      propertyPath: m_OnSelect.m_PersistentCalls.m_Calls.Array.data[0].m_Arguments.m_BoolArgument
      value: 0
      objectReference: {fileID: 0}
    - target: {fileID: 866798268, guid: 87828d32ba1117d448b2dff47759daa4, type: 3}
      propertyPath: m_OnDeselect.m_PersistentCalls.m_Calls.Array.data[0].m_Arguments.m_BoolArgument
      value: 1
      objectReference: {fileID: 0}
    - target: {fileID: 866798268, guid: 87828d32ba1117d448b2dff47759daa4, type: 3}
      propertyPath: m_OnValueChanged.m_PersistentCalls.m_Calls.Array.data[0].m_TargetAssemblyTypeName
      value: ShortcutManager, Assembly-CSharp
      objectReference: {fileID: 0}
    - target: {fileID: 866798268, guid: 87828d32ba1117d448b2dff47759daa4, type: 3}
      propertyPath: m_OnSelect.m_PersistentCalls.m_Calls.Array.data[0].m_Arguments.m_ObjectArgumentAssemblyTypeName
      value: UnityEngine.Object, UnityEngine
      objectReference: {fileID: 0}
    - target: {fileID: 866798268, guid: 87828d32ba1117d448b2dff47759daa4, type: 3}
      propertyPath: m_OnDeselect.m_PersistentCalls.m_Calls.Array.data[0].m_Arguments.m_ObjectArgumentAssemblyTypeName
      value: UnityEngine.Object, UnityEngine
      objectReference: {fileID: 0}
    - target: {fileID: 866798268, guid: 87828d32ba1117d448b2dff47759daa4, type: 3}
      propertyPath: m_OnValueChanged.m_PersistentCalls.m_Calls.Array.data[0].m_Arguments.m_ObjectArgumentAssemblyTypeName
      value: UnityEngine.Object, UnityEngine
      objectReference: {fileID: 0}
    - target: {fileID: 1476775944, guid: 87828d32ba1117d448b2dff47759daa4, type: 3}
      propertyPath: m_OnClick.m_PersistentCalls.m_Calls.Array.data[0].m_Target
      value: 
      objectReference: {fileID: 443972531}
    - target: {fileID: 1728422380, guid: 87828d32ba1117d448b2dff47759daa4, type: 3}
      propertyPath: m_OnClick.m_PersistentCalls.m_Calls.Array.data[0].m_Target
      value: 
      objectReference: {fileID: 443972531}
    - target: {fileID: 2045795131, guid: 87828d32ba1117d448b2dff47759daa4, type: 3}
      propertyPath: m_OnClick.m_PersistentCalls.m_Calls.Array.data[0].m_Target
      value: 
      objectReference: {fileID: 443972531}
    - target: {fileID: 5191438123925887784, guid: 87828d32ba1117d448b2dff47759daa4,
        type: 3}
      propertyPath: m_Name
      value: Canvas
      objectReference: {fileID: 0}
    - target: {fileID: 5191438123925887784, guid: 87828d32ba1117d448b2dff47759daa4,
        type: 3}
      propertyPath: m_IsActive
      value: 1
      objectReference: {fileID: 0}
    - target: {fileID: 5191438123925887788, guid: 87828d32ba1117d448b2dff47759daa4,
        type: 3}
      propertyPath: m_Pivot.x
      value: 0
      objectReference: {fileID: 0}
    - target: {fileID: 5191438123925887788, guid: 87828d32ba1117d448b2dff47759daa4,
        type: 3}
      propertyPath: m_Pivot.y
      value: 0
      objectReference: {fileID: 0}
    - target: {fileID: 5191438123925887788, guid: 87828d32ba1117d448b2dff47759daa4,
        type: 3}
      propertyPath: m_RootOrder
      value: 1
      objectReference: {fileID: 0}
    - target: {fileID: 5191438123925887788, guid: 87828d32ba1117d448b2dff47759daa4,
        type: 3}
      propertyPath: m_AnchorMax.x
      value: 0
      objectReference: {fileID: 0}
    - target: {fileID: 5191438123925887788, guid: 87828d32ba1117d448b2dff47759daa4,
        type: 3}
      propertyPath: m_AnchorMax.y
      value: 0
      objectReference: {fileID: 0}
    - target: {fileID: 5191438123925887788, guid: 87828d32ba1117d448b2dff47759daa4,
        type: 3}
      propertyPath: m_AnchorMin.x
      value: 0
      objectReference: {fileID: 0}
    - target: {fileID: 5191438123925887788, guid: 87828d32ba1117d448b2dff47759daa4,
        type: 3}
      propertyPath: m_AnchorMin.y
      value: 0
      objectReference: {fileID: 0}
    - target: {fileID: 5191438123925887788, guid: 87828d32ba1117d448b2dff47759daa4,
        type: 3}
      propertyPath: m_SizeDelta.x
      value: 0
      objectReference: {fileID: 0}
    - target: {fileID: 5191438123925887788, guid: 87828d32ba1117d448b2dff47759daa4,
        type: 3}
      propertyPath: m_SizeDelta.y
      value: 0
      objectReference: {fileID: 0}
    - target: {fileID: 5191438123925887788, guid: 87828d32ba1117d448b2dff47759daa4,
        type: 3}
      propertyPath: m_LocalPosition.x
      value: 0
      objectReference: {fileID: 0}
    - target: {fileID: 5191438123925887788, guid: 87828d32ba1117d448b2dff47759daa4,
        type: 3}
      propertyPath: m_LocalPosition.y
      value: 0
      objectReference: {fileID: 0}
    - target: {fileID: 5191438123925887788, guid: 87828d32ba1117d448b2dff47759daa4,
        type: 3}
      propertyPath: m_LocalPosition.z
      value: 0
      objectReference: {fileID: 0}
    - target: {fileID: 5191438123925887788, guid: 87828d32ba1117d448b2dff47759daa4,
        type: 3}
      propertyPath: m_LocalRotation.w
      value: 1
      objectReference: {fileID: 0}
    - target: {fileID: 5191438123925887788, guid: 87828d32ba1117d448b2dff47759daa4,
        type: 3}
      propertyPath: m_LocalRotation.x
      value: 0
      objectReference: {fileID: 0}
    - target: {fileID: 5191438123925887788, guid: 87828d32ba1117d448b2dff47759daa4,
        type: 3}
      propertyPath: m_LocalRotation.y
      value: 0
      objectReference: {fileID: 0}
    - target: {fileID: 5191438123925887788, guid: 87828d32ba1117d448b2dff47759daa4,
        type: 3}
      propertyPath: m_LocalRotation.z
      value: 0
      objectReference: {fileID: 0}
    - target: {fileID: 5191438123925887788, guid: 87828d32ba1117d448b2dff47759daa4,
        type: 3}
      propertyPath: m_AnchoredPosition.x
      value: 0
      objectReference: {fileID: 0}
    - target: {fileID: 5191438123925887788, guid: 87828d32ba1117d448b2dff47759daa4,
        type: 3}
      propertyPath: m_AnchoredPosition.y
      value: 0
      objectReference: {fileID: 0}
    - target: {fileID: 5191438123925887788, guid: 87828d32ba1117d448b2dff47759daa4,
        type: 3}
      propertyPath: m_LocalEulerAnglesHint.x
      value: 0
      objectReference: {fileID: 0}
    - target: {fileID: 5191438123925887788, guid: 87828d32ba1117d448b2dff47759daa4,
        type: 3}
      propertyPath: m_LocalEulerAnglesHint.y
      value: 0
      objectReference: {fileID: 0}
    - target: {fileID: 5191438123925887788, guid: 87828d32ba1117d448b2dff47759daa4,
        type: 3}
      propertyPath: m_LocalEulerAnglesHint.z
      value: 0
      objectReference: {fileID: 0}
    - target: {fileID: 5191438123925887789, guid: 87828d32ba1117d448b2dff47759daa4,
        type: 3}
      propertyPath: m_SortingOrder
      value: 2
      objectReference: {fileID: 0}
    m_RemovedComponents: []
  m_SourcePrefab: {fileID: 100100000, guid: 87828d32ba1117d448b2dff47759daa4, type: 3}
