%YAML 1.1
%TAG !u! tag:unity3d.com,2011:
--- !u!1 &2539479926283602643
GameObject:
  m_ObjectHideFlags: 0
  m_CorrespondingSourceObject: {fileID: 0}
  m_PrefabInstance: {fileID: 0}
  m_PrefabAsset: {fileID: 0}
  serializedVersion: 6
  m_Component:
  - component: {fileID: 2539479926283602644}
  - component: {fileID: 2539479926283602647}
  - component: {fileID: 2539479926283602646}
  - component: {fileID: 2539479926283602641}
  - component: {fileID: 2539479926283602640}
  - component: {fileID: 1096517558}
  m_Layer: 11
  m_Name: Box
  m_TagString: Contador
  m_Icon: {fileID: 0}
  m_NavMeshLayer: 0
  m_StaticEditorFlags: 0
  m_IsActive: 1
--- !u!4 &2539479926283602644
Transform:
  m_ObjectHideFlags: 0
  m_CorrespondingSourceObject: {fileID: 0}
  m_PrefabInstance: {fileID: 0}
  m_PrefabAsset: {fileID: 0}
  m_GameObject: {fileID: 2539479926283602643}
  m_LocalRotation: {x: 0, y: 0, z: 0, w: 1}
  m_LocalPosition: {x: -9.998154, y: 0.116363436, z: 1.8302035}
  m_LocalScale: {x: 1, y: 1, z: 1}
  m_ConstrainProportionsScale: 0
  m_Children:
  - {fileID: 5196490177448885091}
  m_Father: {fileID: 0}
  m_RootOrder: 0
  m_LocalEulerAnglesHint: {x: 0, y: 0, z: 0}
--- !u!212 &2539479926283602647
SpriteRenderer:
  m_ObjectHideFlags: 0
  m_CorrespondingSourceObject: {fileID: 0}
  m_PrefabInstance: {fileID: 0}
  m_PrefabAsset: {fileID: 0}
  m_GameObject: {fileID: 2539479926283602643}
  m_Enabled: 1
  m_CastShadows: 0
  m_ReceiveShadows: 0
  m_DynamicOccludee: 1
  m_StaticShadowCaster: 0
  m_MotionVectors: 1
  m_LightProbeUsage: 1
  m_ReflectionProbeUsage: 1
  m_RayTracingMode: 0
  m_RayTraceProcedural: 0
  m_RenderingLayerMask: 1
  m_RendererPriority: 0
  m_Materials:
  - {fileID: 10754, guid: 0000000000000000f000000000000000, type: 0}
  m_StaticBatchInfo:
    firstSubMesh: 0
    subMeshCount: 0
  m_StaticBatchRoot: {fileID: 0}
  m_ProbeAnchor: {fileID: 0}
  m_LightProbeVolumeOverride: {fileID: 0}
  m_ScaleInLightmap: 1
  m_ReceiveGI: 1
  m_PreserveUVs: 0
  m_IgnoreNormalsForChartDetection: 0
  m_ImportantGI: 0
  m_StitchLightmapSeams: 1
  m_SelectedEditorRenderState: 0
  m_MinimumChartSize: 4
  m_AutoUVMaxDistance: 0.5
  m_AutoUVMaxAngle: 89
  m_LightmapParameters: {fileID: 0}
  m_SortingLayerID: 0
  m_SortingLayer: 0
  m_SortingOrder: 0
  m_Sprite: {fileID: 1764864534, guid: 89189f41dbd57504db3f18842e688ca7, type: 3}
  m_Color: {r: 1, g: 0.4862745, b: 0, a: 1}
  m_FlipX: 0
  m_FlipY: 0
  m_DrawMode: 0
  m_Size: {x: 2.1333334, y: 2.1333334}
  m_AdaptiveModeThreshold: 0.5
  m_SpriteTileMode: 0
  m_WasSpriteAssigned: 1
  m_MaskInteraction: 0
  m_SpriteSortPoint: 0
--- !u!114 &2539479926283602646
MonoBehaviour:
  m_ObjectHideFlags: 0
  m_CorrespondingSourceObject: {fileID: 0}
  m_PrefabInstance: {fileID: 0}
  m_PrefabAsset: {fileID: 0}
  m_GameObject: {fileID: 2539479926283602643}
  m_Enabled: 1
  m_EditorHideFlags: 0
  m_Script: {fileID: 11500000, guid: 47afdea73cac63344abe37fc053f16e7, type: 3}
  m_Name: 
  m_EditorClassIdentifier: 
  Nombre: Box
  Sprite: {fileID: 1764864534, guid: 89189f41dbd57504db3f18842e688ca7, type: 3}
  SpriteOutline: {fileID: -1467818562, guid: 89189f41dbd57504db3f18842e688ca7, type: 3}
  ListaDeEstados: []
  estaControlX: 0
--- !u!50 &2539479926283602641
Rigidbody2D:
  serializedVersion: 4
  m_ObjectHideFlags: 0
  m_CorrespondingSourceObject: {fileID: 0}
  m_PrefabInstance: {fileID: 0}
  m_PrefabAsset: {fileID: 0}
  m_GameObject: {fileID: 2539479926283602643}
  m_BodyType: 0
  m_Simulated: 1
  m_UseFullKinematicContacts: 0
  m_UseAutoMass: 0
  m_Mass: 1
  m_LinearDrag: 0
  m_AngularDrag: 0.05
  m_GravityScale: 9.42
  m_Material: {fileID: 0}
  m_Interpolate: 0
  m_SleepingMode: 1
  m_CollisionDetection: 1
  m_Constraints: 4
--- !u!61 &2539479926283602640
BoxCollider2D:
  m_ObjectHideFlags: 0
  m_CorrespondingSourceObject: {fileID: 0}
  m_PrefabInstance: {fileID: 0}
  m_PrefabAsset: {fileID: 0}
  m_GameObject: {fileID: 2539479926283602643}
  m_Enabled: 1
  m_Density: 1
  m_Material: {fileID: 0}
  m_IsTrigger: 0
  m_UsedByEffector: 0
  m_UsedByComposite: 0
  m_Offset: {x: 0.008520842, y: 0.0077823997}
  m_SpriteTilingProperty:
    border: {x: 0, y: 0, z: 0, w: 0}
    pivot: {x: 0.5, y: 0.5}
    oldSize: {x: 2.1333334, y: 2.1333334}
    newSize: {x: 2.1333334, y: 2.1333334}
    adaptiveTilingThreshold: 0.5
    drawMode: 0
    adaptiveTiling: 0
  m_AutoTiling: 0
  serializedVersion: 2
  m_Size: {x: 1.7072864, y: 1.3338424}
  m_EdgeRadius: 0
--- !u!114 &1096517558
MonoBehaviour:
  m_ObjectHideFlags: 0
  m_CorrespondingSourceObject: {fileID: 0}
  m_PrefabInstance: {fileID: 0}
  m_PrefabAsset: {fileID: 0}
  m_GameObject: {fileID: 2539479926283602643}
  m_Enabled: 1
  m_EditorHideFlags: 0
  m_Script: {fileID: 11500000, guid: 25eeda042a67b95469aeae0d786fe964, type: 3}
  m_Name: 
  m_EditorClassIdentifier: 
  ObjetoInteractuable: 0
  direccion: 0
  speed: 500
  suavizado: 0
  dust: {fileID: 5196490177448885093}
  fuerzaSalto: 25
  estaEnPiso: 0
  capa:
    serializedVersion: 2
    m_Bits: 2056
  LineaSalto: 1
  coyoteTime: 0.001
  jumpBufferTime: 0.2
--- !u!1001 &6318970114483947359
PrefabInstance:
  m_ObjectHideFlags: 0
  serializedVersion: 2
  m_Modification:
    m_TransformParent: {fileID: 2539479926283602644}
    m_Modifications:
    - target: {fileID: 2282438384830233660, guid: 7697a49ea05824642b45a2fab61c81c4,
        type: 3}
      propertyPath: m_RootOrder
      value: 0
      objectReference: {fileID: 0}
    - target: {fileID: 2282438384830233660, guid: 7697a49ea05824642b45a2fab61c81c4,
        type: 3}
      propertyPath: m_LocalPosition.x
      value: 0
      objectReference: {fileID: 0}
    - target: {fileID: 2282438384830233660, guid: 7697a49ea05824642b45a2fab61c81c4,
        type: 3}
      propertyPath: m_LocalPosition.y
      value: -0.45
      objectReference: {fileID: 0}
    - target: {fileID: 2282438384830233660, guid: 7697a49ea05824642b45a2fab61c81c4,
        type: 3}
      propertyPath: m_LocalPosition.z
      value: 0
      objectReference: {fileID: 0}
    - target: {fileID: 2282438384830233660, guid: 7697a49ea05824642b45a2fab61c81c4,
        type: 3}
      propertyPath: m_LocalRotation.w
      value: 0.7071068
      objectReference: {fileID: 0}
    - target: {fileID: 2282438384830233660, guid: 7697a49ea05824642b45a2fab61c81c4,
        type: 3}
      propertyPath: m_LocalRotation.x
      value: -0.7071068
      objectReference: {fileID: 0}
    - target: {fileID: 2282438384830233660, guid: 7697a49ea05824642b45a2fab61c81c4,
        type: 3}
      propertyPath: m_LocalRotation.y
      value: -0
      objectReference: {fileID: 0}
    - target: {fileID: 2282438384830233660, guid: 7697a49ea05824642b45a2fab61c81c4,
        type: 3}
      propertyPath: m_LocalRotation.z
      value: -0
      objectReference: {fileID: 0}
    - target: {fileID: 2282438384830233660, guid: 7697a49ea05824642b45a2fab61c81c4,
        type: 3}
      propertyPath: m_LocalEulerAnglesHint.x
      value: -90
      objectReference: {fileID: 0}
    - target: {fileID: 2282438384830233660, guid: 7697a49ea05824642b45a2fab61c81c4,
        type: 3}
      propertyPath: m_LocalEulerAnglesHint.y
      value: 0
      objectReference: {fileID: 0}
    - target: {fileID: 2282438384830233660, guid: 7697a49ea05824642b45a2fab61c81c4,
        type: 3}
      propertyPath: m_LocalEulerAnglesHint.z
      value: 0
      objectReference: {fileID: 0}
    - target: {fileID: 2282438384830233661, guid: 7697a49ea05824642b45a2fab61c81c4,
        type: 3}
      propertyPath: m_Name
      value: Dust
      objectReference: {fileID: 0}
    m_RemovedComponents: []
  m_SourcePrefab: {fileID: 100100000, guid: 7697a49ea05824642b45a2fab61c81c4, type: 3}
--- !u!4 &5196490177448885091 stripped
Transform:
  m_CorrespondingSourceObject: {fileID: 2282438384830233660, guid: 7697a49ea05824642b45a2fab61c81c4,
    type: 3}
  m_PrefabInstance: {fileID: 6318970114483947359}
  m_PrefabAsset: {fileID: 0}
--- !u!198 &5196490177448885093 stripped
ParticleSystem:
  m_CorrespondingSourceObject: {fileID: 2282438384830233658, guid: 7697a49ea05824642b45a2fab61c81c4,
    type: 3}
  m_PrefabInstance: {fileID: 6318970114483947359}
  m_PrefabAsset: {fileID: 0}
